@article{muong-2,
  title = {Measurement of the Positive Muon Anomalous Magnetic Moment to 0.46 ppm},
  author = {Abi, B. and Albahri, T. and Al-Kilani, S. and Allspach, D. and Alonzi, L. P. and Anastasi, A. and Anisenkov, A. and Azfar, F. and Badgley, K. and Bae\ss{}ler, S. and Bailey, I. and Baranov, V. A. and Barlas-Yucel, E. and Barrett, T. and Barzi, E. and Basti, A. and Bedeschi, F. and Behnke, A. and Berz, M. and Bhattacharya, M. and Binney, H. P. and Bjorkquist, R. and Bloom, P. and Bono, J. and Bottalico, E. and Bowcock, T. and Boyden, D. and Cantatore, G. and Carey, R. M. and Carroll, J. and Casey, B. C. K. and Cauz, D. and Ceravolo, S. and Chakraborty, R. and Chang, S. P. and Chapelain, A. and Chappa, S. and Charity, S. and Chislett, R. and Choi, J. and Chu, Z. and Chupp, T. E. and Convery, M. E. and Conway, A. and Corradi, G. and Corrodi, S. and Cotrozzi, L. and Crnkovic, J. D. and Dabagov, S. and De Lurgio, P. M. and Debevec, P. T. and Di Falco, S. and Di Meo, P. and Di Sciascio, G. and Di Stefano, R. and Drendel, B. and Driutti, A. and Duginov, V. N. and Eads, M. and Eggert, N. and Epps, A. and Esquivel, J. and Farooq, M. and Fatemi, R. and Ferrari, C. and Fertl, M. and Fiedler, A. and Fienberg, A. T. and Fioretti, A. and Flay, D. and Foster, S. B. and Friedsam, H. and Frle\ifmmode \check{z}\else \v{z}\fi{}, E. and Froemming, N. S. and Fry, J. and Fu, C. and Gabbanini, C. and Galati, M. D. and Ganguly, S. and Garcia, A. and Gastler, D. E. and George, J. and Gibbons, L. K. and Gioiosa, A. and Giovanetti, K. L. and Girotti, P. and Gohn, W. and Gorringe, T. and Grange, J. and Grant, S. and Gray, F. and Haciomeroglu, S. and Hahn, D. and Halewood-Leagas, T. and Hampai, D. and Han, F. and Hazen, E. and Hempstead, J. and Henry, S. and Herrod, A. T. and Hertzog, D. W. and Hesketh, G. and Hibbert, A. and Hodge, Z. and Holzbauer, J. L. and Hong, K. W. and Hong, R. and Iacovacci, M. and Incagli, M. and Johnstone, C. and Johnstone, J. A. and Kammel, P. and Kargiantoulakis, M. and Karuza, M. and Kaspar, J. and Kawall, D. and Kelton, L. and Keshavarzi, A. and Kessler, D. and Khaw, K. S. and Khechadoorian, Z. and Khomutov, N. V. and Kiburg, B. and Kiburg, M. and Kim, O. and Kim, S. C. and Kim, Y. I. and King, B. and Kinnaird, N. and Korostelev, M. and Kourbanis, I. and Kraegeloh, E. and Krylov, V. A. and Kuchibhotla, A. and Kuchinskiy, N. A. and Labe, K. R. and LaBounty, J. and Lancaster, M. and Lee, M. J. and Lee, S. and Leo, S. and Li, B. and Li, D. and Li, L. and Logashenko, I. and Lorente Campos, A. and Luc\`a, A. and Lukicov, G. and Luo, G. and Lusiani, A. and Lyon, A. L. and MacCoy, B. and Madrak, R. and Makino, K. and Marignetti, F. and Mastroianni, S. and Maxfield, S. and McEvoy, M. and Merritt, W. and Mikhailichenko, A. A. and Miller, J. P. and Miozzi, S. and Morgan, J. P. and Morse, W. M. and Mott, J. and Motuk, E. and Nath, A. and Newton, D. and Nguyen, H. and Oberling, M. and Osofsky, R. and Ostiguy, J.-F. and Park, S. and Pauletta, G. and Piacentino, G. M. and Pilato, R. N. and Pitts, K. T. and Plaster, B. and Po\ifmmode \check{c}\else \v{c}\fi{}ani\ifmmode \acute{c}\else \'{c}\fi{}, D. and Pohlman, N. and Polly, C. C. and Popovic, M. and Price, J. and Quinn, B. and Raha, N. and Ramachandran, S. and Ramberg, E. and Rider, N. T. and Ritchie, J. L. and Roberts, B. L. and Rubin, D. L. and Santi, L. and Sathyan, D. and Schellman, H. and Schlesier, C. and Schreckenberger, A. and Semertzidis, Y. K. and Shatunov, Y. M. and Shemyakin, D. and Shenk, M. and Sim, D. and Smith, M. W. and Smith, A. and Soha, A. K. and Sorbara, M. and St\"ockinger, D. and Stapleton, J. and Still, D. and Stoughton, C. and Stratakis, D. and Strohman, C. and Stuttard, T. and Swanson, H. E. and Sweetmore, G. and Sweigart, D. A. and Syphers, M. J. and Tarazona, D. A. and Teubner, T. and Tewsley-Booth, A. E. and Thomson, K. and Tishchenko, V. and Tran, N. H. and Turner, W. and Valetov, E. and Vasilkova, D. and Venanzoni, G. and Volnykh, V. P. and Walton, T. and Warren, M. and Weisskopf, A. and Welty-Rieger, L. and Whitley, M. and Winter, P. and Wolski, A. and Wormald, M. and Wu, W. and Yoshikawa, C.},
  collaboration = {Muon $g\ensuremath{-}2$ Collaboration},
  journal = {Phys. Rev. Lett.},
  volume = {126},
  issue = {14},
  pages = {141801},
  numpages = {11},
  year = {2021},
  month = {Apr},
  publisher = {American Physical Society},
  doi = {10.1103/PhysRevLett.126.141801},
  url = {https://link.aps.org/doi/10.1103/PhysRevLett.126.141801}
}

@article{Wmass,
	author = {Aaltonen, T. and Amerio, S. and Amidei, D. and Anastassov, A. and Annovi, A. and Antos, J. and Apollinari, G. and Appel, J. A. and Arisawa, T. and Artikov, A. and Asaadi, J. and Ashmanskas, W. and Auerbach, B. and Aurisano, A. and Azfar, F. and Badgett, W. and Bae, T. and Barbaro-Galtieri, A. and Barnes, V. E. and Barnett, B. A. and Barria, P. and Bartos, P. and Bauce, M. and Bedeschi, F. and Behari, S. and Bellettini, G. and Bellinger, J. and Benjamin, D. and Beretvas, A. and Bhatti, A. and Bland, K. R. and Blumenfeld, B. and Bocci, A. and Bodek, A. and Bortoletto, D. and Boudreau, J. and Boveia, A. and Brigliadori, L. and Bromberg, C. and Brucken, E. and Budagov, J. and Budd, H. S. and Burkett, K. and Busetto, G. and Bussey, P. and Butti, P. and Buzatu, A. and Calamba, A. and Camarda, S. and Campanelli, M. and Carls, B. and Carlsmith, D. and Carosi, R. and Carrillo, S. and Casal, B. and Casarsa, M. and Castro, A. and Catastini, P. and Cauz, D. and Cavaliere, V. and Cerri, A. and Cerrito, L. and Chen, Y. C. and Chertok, M. and Chiarelli, G. and Chlachidze, G. and Cho, K. and Chokheli, D. and Clark, A. and Clarke, C. and Convery, M. E. and Conway, J. and Corbo, M. and Cordelli, M. and Cox, C. A. and Cox, D. J. and Cremonesi, M. and Cruz, D. and Cuevas, J. and Culbertson, R. and d’Ascenzo, N. and Datta, M. and de Barbaro, P. and Demortier, L. and Deninno, M. and D’Errico, M. and Devoto, F. and Di Canto, A. and Di Ruzza, B. and Dittmann, J. R. and Donati, S. and D’Onofrio, M. and Dorigo, M. and Driutti, A. and Ebina, K. and Edgar, R. and Elagin, A. and Erbacher, R. and Errede, S. and Esham, B. and Farrington, S. and Fernández Ramos, J. P. and Field, R. and Flanagan, G. and Forrest, R. and Franklin, M. and Freeman, J. C. and Frisch, H. and Funakoshi, Y. and Galloni, C. and Garfinkel, A. F. and Garosi, P. and Gerberich, H. and Gerchtein, E. and Giagu, S. and Giakoumopoulou, V. and Gibson, K. and Ginsburg, C. M. and Giokaris, N. and Giromini, P. and Glagolev, V. and Glenzinski, D. and Gold, M. and Goldin, D. and Golossanov, A. and Gomez, G. and Gomez-Ceballos, G. and Goncharov, M. and González López, O. and Gorelov, I. and Goshaw, A. T. and Goulianos, K. and Gramellini, E. and Grosso-Pilcher, C. and Guimaraes da Costa, J. and Hahn, S. R. and Han, J. Y. and Happacher, F. and Hara, K. and Hare, M. and Harr, R. F. and Harrington-Taber, T. and Hatakeyama, K. and Hays, C. and Heinrich, J. and Herndon, M. and Hocker, A. and Hong, Z. and Hopkins, W. and Hou, S. and Hughes, R. E. and Husemann, U. and Hussein, M. and Huston, J. and Introzzi, G. and Iori, M. and Ivanov, A. and James, E. and Jang, D. and Jayatilaka, B. and Jeon, E. J. and Jindariani, S. and Jones, M. and Joo, K. K. and Jun, S. Y. and Junk, T. R. and Kambeitz, M. and Kamon, T. and Karchin, P. E. and Kasmi, A. and Kato, Y. and Ketchum, W. and Keung, J. and Kilminster, B. and Kim, D. H. and Kim, H. S. and Kim, J. E. and Kim, M. J. and Kim, S. H. and Kim, S. B. and Kim, Y. J. and Kim, Y. K. and Kimura, N. and Kirby, M. and Kondo, K. and Kong, D. J. and Konigsberg, J. and Kotwal, A. V. and Kreps, M. and Kroll, J. and Kruse, M. and Kuhr, T. and Kurata, M. and Laasanen, A. T. and Lammel, S. and Lancaster, M. and Lannon, K. and Latino, G. and Lee, H. S. and Lee, J. S. and Leo, S. and Leone, S. and Lewis, J. D. and Limosani, A. and Lipeles, E. and Lister, A. and Liu, Q. and Liu, T. and Lockwitz, S. and Loginov, A. and Lucchesi, D. and Lucà, A. and Lueck, J. and Lujan, P. and Lukens, P. and Lungu, G. and Lys, J. and Lysak, R. and Madrak, R. and Maestro, P. and Malik, S. and Manca, G. and Manousakis-Katsikakis, A. and Marchese, L. and Margaroli, F. and Marino, P. and Matera, K. and Mattson, M. E. and Mazzacane, A. and Mazzanti, P. and McNulty, R. and Mehta, A. and Mehtala, P. and Menzione, A. and Mesropian, C. and Miao, T. and Michielin, E. and Mietlicki, D. and Mitra, A. and Miyake, H. and Moed, S. and Moggi, N. and Moon, C. S. and Moore, R. and Morello, M. J. and Mukherjee, A. and Muller, Th. and Murat, P. and Mussini, M. and Nachtman, J. and Nagai, Y. and Naganoma, J. and Nakano, I. and Napier, A. and Nett, J. and Nigmanov, T. and Nodulman, L. and Noh, S. Y. and Norniella, O. and Oakes, L. and Oh, S. H. and Oh, Y. D. and Okusawa, T. and Orava, R. and Ortolan, L. and Pagliarone, C. and Palencia, E. and Palni, P. and Papadimitriou, V. and Parker, W. and Pauletta, G. and Paulini, M. and Paus, C. and Phillips, T. J. and Piacentino, G. and Pianori, E. and Pilot, J. and Pitts, K. and Plager, C. and Pondrom, L. and Poprocki, S. and Potamianos, K. and Pranko, A. and Prokoshin, F. and Ptohos, F. and Punzi, G. and Redondo Fernández, I. and Renton, P. and Rescigno, M. and Rimondi, F. and Ristori, L. and Robson, A. and Rodriguez, T. and Rolli, S. and Ronzani, M. and Roser, R. and Rosner, J. L. and Ruffini, F. and Ruiz, A. and Russ, J. and Rusu, V. and Sakumoto, W. K. and Sakurai, Y. and Santi, L. and Sato, K. and Saveliev, V. and Savoy-Navarro, A. and Schlabach, P. and Schmidt, E. E. and Schwarz, T. and Scodellaro, L. and Scuri, F. and Seidel, S. and Seiya, Y. and Semenov, A. and Sforza, F. and Shalhout, S. Z. and Shears, T. and Shepard, P. F. and Shimojima, M. and Shochet, M. and Shreyber-Tecker, I. and Simonenko, A. and Sliwa, K. and Smith, J. R. and Snider, F. D. and Song, H. and Sorin, V. and St. Denis, R. and Stancari, M. and Stentz, D. and Strologas, J. and Sudo, Y. and Sukhanov, A. and Suslov, I. and Takemasa, K. and Takeuchi, Y. and Tang, J. and Tecchio, M. and Teng, P. K. and Thom, J. and Thomson, E. and Thukral, V. and Toback, D. and Tokar, S. and Tollefson, K. and Tomura, T. and Torre, S. and Torretta, D. and Totaro, P. and Trovato, M. and Ukegawa, F. and Uozumi, S. and Vázquez, F. and Velev, G. and Vellidis, K. and Vernieri, C. and Vidal, M. and Vilar, R. and Vizán, J. and Vogel, M. and Volpi, G. and Wagner, P. and Wallny, R. and Wang, S. M. and Waters, D. and Wester, W. C. and Whiteson, D. and Wicklund, A. B. and Wilbur, S. and Williams, H. H. and Wilson, J. S. and Wilson, P. and Winer, B. L. and Wittich, P. and Wolbers, S. and Wolfmeister, H. and Wright, T. and Wu, X. and Wu, Z. and Yamamoto, K. and Yamato, D. and Yang, T. and Yang, U. K. and Yang, Y. C. and Yao, W.-M. and Yeh, G. P. and Yi, K. and Yoh, J. and Yorita, K. and Yoshida, T. and Yu, G. B. and Yu, I. and Zanetti, A. M. and Zeng, Y. and Zhou, C. and Zucchelli, S.},
	doi = {10.1126/science.abk1781},
	journal = {Science},
	number = {6589},
	pages = {170--176},
	title = {{High-precision measurement of the W boson mass with the CDF II detector}},
	volume = {376},
	year = {2022},
}

@article{top_quark_discovery,
  title = {Observation of the Top Quark},
  author = {Abachi, S. and Abbott, B. and Abolins, M. and Acharya, B. S. and Adam, I. and Adams, D. L. and Adams, M. and Ahn, S. and Aihara, H. and Alitti, J. and \'Alvarez, G. and Alves, G. A. and Amidi, E. and Amos, N. and Anderson, E. W. and Aronson, S. H. and Astur, R. and Avery, R. E. and Baden, A. and Balamurali, V. and Balderston, J. and Baldin, B. and Bantly, J. and Bartlett, J. F. and Bazizi, K. and Bendich, J. and Beri, S. B. and Bertram, I. and Bezzubov, V. A. and Bhat, P. C. and Bhatnagar, V. and Bhattacharjee, M. and Bischoff, A. and Biswas, N. and Blazey, G. and Blessing, S. and Boehnlein, A. and Bojko, N. I. and Borcherding, F. and Borders, J. and Boswell, C. and Brandt, A. and Brock, R. and Bross, A. and Buchholz, D. and Burtovoi, V. S. and Butler, J. M. and Casey, D. and Castilla-Valdez, H. and Chakraborty, D. and Chang, S.-M. and Chekulaev, S. V. and Chen, L.-P. and Chen, W. and Chevalier, L. and Chopra, S. and Choudhary, B. C. and Christenson, J. H. and Chung, M. and Claes, D. and Clark, A. R. and Cobau, W. G. and Cochran, J. and Cooper, W. E. and Cretsinger, C. and Cullen-Vidal, D. and Cummings, M. and Cutts, D. and Dahl, O. I. and De, K. and Demarteau, M. and Demina, R. and Denisenko, K. and Denisenko, N. and Denisov, D. and Denisov, S. P. and Dharmaratna, W. and Diehl, H. T. and Diesburg, M. and Di Loreto, G. and Dixon, R. and Draper, P. and Drinkard, J. and Ducros, Y. and Dugad, S. R. and Durston-Johnson, S. and Edmunds, D. and Efimov, A. O. and Ellison, J. and Elvira, V. D. and Engelmann, R. and Eno, S. and Eppley, G. and Ermolov, P. and Eroshin, O. V. and Evdokimov, V. N. and Fahey, S. and Fahland, T. and Fatyga, M. and Fatyga, M. K. and Featherly, J. and Feher, S. and Fein, D. and Ferbel, T. and Finocchiaro, G. and Fisk, H. E. and Fisyak, Yu. and Flattum, E. and Forden, G. E. and Fortner, M. and Frame, K. C. and Franzini, P. and Fredriksen, S. and Fuess, S. and Galjaev, A. N. and Gallas, E. and Gao, C. S. and Gao, S. and Geld, T. L. and Genik II, R. J. and Genser, K. and Gerber, C. E. and Gibbard, B. and Glaubman, M. and Glebov, V. and Glenn, S. and Glicenstein, J. F. and Gobbi, B. and Goforth, M. and Goldschmidt, A. and Gomez, B. and Goncharov, P. I. and Gordon, H. and Goss, L. T. and Graf, N. and Grannis, P. D. and Green, D. R. and Green, J. and Greenlee, H. and Griffin, G. and Grossman, N. and Grudberg, P. and Gr\"unendahl, S. and Guida, J. A. and Guida, J. M. and Guryn, W. and Gurzhiev, S. N. and Gutnikov, Y. E. and Hadley, N. J. and Haggerty, H. and Hagopian, S. and Hagopian, V. and Hahn, K. S. and Hall, R. E. and Hansen, S. and Hatcher, R. and Hauptman, J. M. and Hedin, D. and Heinson, A. P. and Heintz, U. and Hernandez-Montoya, R. and Heuring, T. and Hirosky, R. and Hobbs, J. D. and Hoeneisen, B. and Hoftun, J. S. and Hsieh, F. and Hu, Ting and Hu, Tong and Huehn, T. and Igarashi, S. and Ito, A. S. and James, E. and Jaques, J. and Jerger, S. A. and Jiang, J. Z.-Y. and Joffe-Minor, T. and Johari, H. and Johns, K. and Johnson, M. and Johnstad, H. and Jonckheere, A. and J\"ostlein, H. and Jun, S. Y. and Jung, C. K. and Kahn, S. and Kang, J. S. and Kehoe, R. and Kelly, M. and Kernan, A. and Kerth, L. and Kim, C. L. and Kim, S. K. and Klatchko, A. and Klima, B. and Klochkov, B. I. and Klopfenstein, C. and Klyukhin, V. I. and Kochetkov, V. I. and Kohli, J. M. and Koltick, D. and Kostritskiy, A. V. and Kotcher, J. and Kourlas, J. and Kozelov, A. V. and Kozlovski, E. A. and Krishnaswamy, M. R. and Krzywdzinski, S. and Kunori, S. and Lami, S. and Landsberg, G. and Lanou, R. E. and Lebrat, J-F. and Lee-Franzini, J. and Leflat, A. and Li, H. and Li, J. and Li, Y. K. and Li-Demarteau, Q. Z. and Lima, J. G. R. and Lincoln, D. and Linn, S. L. and Linnemann, J. and Lipton, R. and Liu, Y. C. and Lobkowicz, F. and Loken, S. C. and L\"ok\"os, S. and Lueking, L. and Lyon, A. L. and Maciel, A. K. A. and Madaras, R. J. and Madden, R. and Mandrichenko, I. V. and Mangeot, Ph. and Mani, S. and Mansouli\'e, B. and Mao, H. S. and Margulies, S. and Markeloff, R. and Markosky, L. and Marshall, T. and Martin, M. I. and Marx, M. and May, B. and Mayorov, A. A. and McCarthy, R. and McKibben, T. and McKinley, J. and Melanson, H. L. and de Mello Neto, J. R. T. and Merritt, K. W. and Miettinen, H. and Milder, A. and Milner, C. and Mincer, A. and de Miranda, J. M. and Mishra, C. S. and Mohammadi-Baarmand, M. and Mokhov, N. and Mondal, N. K. and Montgomery, H. E. and Mooney, P. and Mudan, M. and Murphy, C. and Murphy, C. T. and Nang, F. and Narain, M. and Narasimham, V. S. and Narayanan, A. and Neal, H. A. and Negret, J. P. and Neis, E. and Nemethy, P. and Ne\ifmmode \check{s}\else \v{s}\fi{}i\ifmmode \acute{c}\else \'{c}\fi{}, D. and Norman, D. and Oesch, L. and Oguri, V. and Oltman, E. and Oshima, N. and Owen, D. and Padley, P. and Pang, M. and Para, A. and Park, C. H. and Park, Y. M. and Partridge, R. and Parua, N. and Paterno, M. and Perkins, J. and Peryshkin, A. and Peters, M. and Piekarz, H. and Pischalnikov, Y. and Pluquet, A. and Podstavkov, V. M. and Pope, B. G. and Prosper, H. B. and Protopopescu, S. and Pu\ifmmode \check{s}\else \v{s}\fi{}elji\ifmmode \acute{c}\else \'{c}\fi{}, D. and Qian, J. and Quintas, P. Z. and Raja, R. and Rajagopalan, S. and Ramirez, O. and Rao, M. V. S. and Rapidis, P. A. and Rasmussen, L. and Read, A. L. and Reucroft, S. and Rijssenbeek, M. and Rockwell, T. and Roe, N. A. and Roldan, J. M. R. and Rubinov, P. and Ruchti, R. and Rusin, S. and Rutherfoord, J. and Santoro, A. and Sawyer, L. and Schamberger, R. D. and Schellman, H. and Schmid, D. and Sculli, J. and Shabalina, E. and Shaffer, C. and Shankar, H. C. and Shivpuri, R. K. and Shupe, M. and Singh, J. B. and Sirotenko, V. and Smart, W. and Smith, A. and Smith, R. P. and Snihur, R. and Snow, G. R. and Snyder, S. and Solomon, J. and Sood, P. M. and Sosebee, M. and Souza, M. and Spadafora, A. L. and Stephens, R. W. and Stevenson, M. L. and Stewart, D. and Stocker, F. and Stoianova, D. A. and Stoker, D. and Streets, K. and Strovink, M. and Taketani, A. and Tamburello, P. and Tarazi, J. and Tartaglia, M. and Taylor, T. L. and Teiger, J. and Thompson, J. and Trippe, T. G. and Tuts, P. M. and Varelas, N. and Varnes, E. W. and Virador, P. R. G. and Vititoe, D. and Volkov, A. A. and von Goeler, E. and Vorobiev, A. P. and Wahl, H. D. and Wang, J. and Wang, L. Z. and Warchol, J. and Wayne, M. and Weerts, H. and Wenzel, W. A. and White, A. and White, J. T. and Wightman, J. A. and Wilcox, J. and Willis, S. and Wimpenny, S. J. and Wirjawan, J. V. D. and Wolf, Z. and Womersley, J. and Won, E. and Wood, D. R. and Xu, H. and Yamada, R. and Yamin, P. and Yanagisawa, C. and Yang, J. and Yasuda, T. and Yoshikawa, C. and Youssef, S. and Yu, J. and Yu, Y. and Zhang, Y. and Zhou, Y. H. and Zhu, Q. and Zhu, Y. S. and Zhu, Z. H. and Zieminska, D. and Zieminski, A. and Zinchenko, A. and Zylberstejn, A.},
  collaboration = {D0 Collaboration},
  journal = {Phys. Rev. Lett.},
  volume = {74},
  issue = {14},
  pages = {2632--2637},
  numpages = {0},
  year = {1995},
  month = {Apr},
  publisher = {American Physical Society},
  doi = {10.1103/PhysRevLett.74.2632},
  url = {https://link.aps.org/doi/10.1103/PhysRevLett.74.2632}
}

@article{Higgs_discovery,
	title = {Observation of a new boson at a mass of 125 {GeV} with the {CMS} experiment at the {LHC}},
	volume = {716},
	issn = {0370-2693},
	url = {https://www.sciencedirect.com/science/article/pii/S0370269312008581},
	doi = {https://doi.org/10.1016/j.physletb.2012.08.021},
	abstract = {Results are presented from searches for the standard model Higgs boson in proton–proton collisions at s=7 and 8 {TeV} in the Compact Muon Solenoid experiment at the {LHC}, using data samples corresponding to integrated luminosities of up to 5.1 fb−1 at 7 {TeV} and 5.3 fb−1 at 8 {TeV}. The search is performed in five decay modes: γγ, {ZZ}, W+W−, τ+τ−, and bb¯. An excess of events is observed above the expected background, with a local significance of 5.0 standard deviations, at a mass near 125 {GeV}, signalling the production of a new particle. The expected significance for a standard model Higgs boson of that mass is 5.8 standard deviations. The excess is most significant in the two decay modes with the best mass resolution, γγ and {ZZ}; a fit to these signals gives a mass of 125.3±0.4(stat.)±0.5(syst.) {GeV}. The decay to two photons indicates that the new particle is a boson with spin different from one.},
	pages = {30--61},
	number = {1},
	journaltitle = {Physics Letters B},
	author = {Chatrchyan, S. and Khachatryan, V. and Sirunyan, A. M. and Tumasyan, A. and Adam, W. and Aguilo, E. and Bergauer, T. and Dragicevic, M. and Erö, J. and Fabjan, C. and Friedl, M. and Frühwirth, R. and Ghete, V. M. and Hammer, J. and Hoch, M. and Hörmann, N. and Hrubec, J. and Jeitler, M. and Kiesenhofer, W. and Knünz, V. and Krammer, M. and Krätschmer, I. and Liko, D. and Majerotto, W. and Mikulec, I. and Pernicka, M. and Rahbaran, B. and Rohringer, C. and Rohringer, H. and Schöfbeck, R. and Strauss, J. and Szoncsó, F. and Taurok, A. and Waltenberger, W. and Walzel, G. and Widl, E. and Wulz, C.-E. and Chekhovsky, V. and Emeliantchik, I. and Litomin, A. and Makarenko, V. and Mossolov, V. and Shumeiko, N. and Solin, A. and Stefanovitch, R. and Gonzalez, J. Suarez and Fedorov, A. and Korzhik, M. and Missevitch, O. and Zuyeuski, R. and Bansal, M. and Bansal, S. and Beaumont, W. and Cornelis, T. and Wolf, E. A. De and Druzhkin, D. and Janssen, X. and Luyckx, S. and Mucibello, L. and Ochesanu, S. and Roland, B. and Rougny, R. and Selvaggi, M. and Staykova, Z. and Haevermaet, H. Van and Mechelen, P. Van and Remortel, N. Van and Spilbeeck, A. Van and Blekman, F. and Blyweert, S. and {DʼHondt}, J. and Devroede, O. and Suarez, R. Gonzalez and Goorens, R. and Kalogeropoulos, A. and Maes, M. and Olbrechts, A. and Tavernier, S. and Doninck, W. Van and Lancker, L. Van and Mulders, P. Van and Onsem, G. P. Van and Villella, I. and Clerbaux, B. and Lentdecker, G. De and Dero, V. and Dewulf, J. P. and Gay, A. P. R. and Hreus, T. and Léonard, A. and Marage, P. E. and Mohammadi, A. and Reis, T. and Rugovac, S. and Thomas, L. and Velde, C. Vander and Vanlaer, P. and Wang, J. and Wickens, J. and Adler, V. and Beernaert, K. and Cimmino, A. and Costantini, S. and Garcia, G. and Grunewald, M. and Klein, B. and Lellouch, J. and Marinov, A. and Mccartin, J. and Rios, A. A. Ocampo and Ryckbosch, D. and Strobbe, N. and Thyssen, F. and Tytgat, M. and Walsh, S. and Yazgan, E. and Zaganidis, N. and Basegmez, S. and Bruno, G. and Castello, R. and Ceard, L. and Jeneret, J. De Favereau De and Delaere, C. and Demin, P. and Pree, T. du and Favart, D. and Forthomme, L. and Giammanco, A. and Grégoire, G. and Hollar, J. and Lemaitre, V. and Liao, J. and Militaru, O. and Nuttens, C. and Pagano, D. and Pin, A. and Piotrzkowski, K. and Schul, N. and Garcia, J. M. Vizan and Beliy, N. and Caebergs, T. and Daubie, E. and Hammad, G. H. and Alves, G. A. and Brito, L. and Martin, M. Correa and Martins, T. and Pol, M. E. and Souza, M. H. G. and Júnior, W. L. Aldá and Carvalho, W. and Custódio, A. and Costa, E. M. Da and Damiao, D. De Jesus and Martins, C. De Oliveira and Souza, S. Fonseca De and Figueiredo, D. Matos and Mundim, L. and Nogima, H. and Oguri, V. and Silva, W. L. Prado Da and Santoro, A. and Sznajder, A. and Pereira, A. Vilela and Anjos, T. S. and Bernardes, C. A. and Dias, F. A. and Tomei, T. R. Fernandez Perez and Gregores, E. M. and Iope, R. L. and Lagana, C. and Lietti, S. M. and Marinho, F. and Mercadante, P. G. and Novaes, S. F. and Padula, Sandra S. and Dimitrov, L. and Genchev, V. and Iaydjiev, P. and Piperov, S. and Rodozov, M. and Stoykova, S. and Sultanov, G. and Tcholakov, V. and Trayanov, R. and Vankov, I. and Vutova, M. and Roumenin, C. and Uzunova, D. and Zahariev, R. and Dimitrov, A. and Hadjiiska, R. and Kozhuharov, V. and Litov, L. and Pavlov, B. and Petkov, P. and Bian, J. G. and Chen, G. M. and Chen, H. S. and He, K. L. and Jiang, C. H. and Li, W. G. and Liang, D. and Liang, S. and Meng, X. and Sun, G. and Sun, H. S. and Tao, J. and Wang, J. and Wang, X. and Wang, Z. and Xiao, H. and Xu, M. and Yang, M. and Zang, J. and Zhang, X. and Zhang, Z. and Zhang, Z. and Zhao, W. R. and Zhu, Z. and Asawatangtrakuldee, C. and Ban, Y. and Cai, J. and Guo, S. and Guo, Y. and Li, W. and Liu, H. T. and Liu, S. and Mao, Y. and Qian, S. J. and Teng, H. and Wang, D. and Ye, Y. L. and Zhang, L. and Zhu, B. and Zou, W. and Avila, C. and Gomez, J. P. and Moreno, B. Gomez and Oliveros, A. F. Osorio and Sanabria, J. C. and Godinovic, N. and Lelas, D. and Plestina, R. and Polic, D. and Puljak, I. and Antunovic, Z. and Kovac, M. and Brigljevic, V. and Duric, S. and Kadija, K. and Luetic, J. and Morovic, S. and Attikis, A. and Galanti, M. and Mavromanolakis, G. and Mousa, J. and Nicolaou, C. and Ptochos, F. and Razis, P. A. and Finger, M. and Finger, M. and Aly, A. and Assran, Y. and Awad, A. and Elgammal, S. and Kamel, A. Ellithi and Khalil, S. and Mahmoud, M. A. and Mahrous, A. and Radi, A. and Hektor, A. and Kadastik, M. and Kannike, K. and Müntel, M. and Raidal, M. and Rebane, L. and Strumia, A. and Tiko, A. and Eerola, P. and Fedi, G. and Voutilainen, M. and Anttila, E. and Härkönen, J. and Heikkinen, A. and Karimäki, V. and Katajisto, H. M. and Kinnunen, R. and Kortelainen, M. J. and Kotamäki, M. and Lampén, T. and Lassila-Perini, K. and Lehti, S. and Lindén, T. and Luukka, P. and Mäenpää, T. and Peltola, T. and Tuominen, E. and Tuominiemi, J. and Tuovinen, E. and Ungaro, D. and Vanhala, T. P. and Wendland, L. and Banzuzi, K. and Karjalainen, A. and Korpela, A. and Tuuva, T. and Anfreville, M. and Besancon, M. and Choudhury, S. and Dejardin, M. and Denegri, D. and Fabbro, B. and Faure, J. L. and Ferri, F. and Ganjour, S. and Gentit, F. X. and Givernaud, A. and Gras, P. and Monchenault, G. Hamel de and Jarry, P. and Kircher, F. and Lemaire, M. C. and Locci, E. and Malcles, J. and Mandjavidze, I. and Nayak, A. and Pansart, J. P. and Rander, J. and Reymond, J. M. and Rosowsky, A. and Shreyber, I. and Titov, M. and Verrecchia, P. and Badier, J. and Baffioni, S. and Beaudette, F. and Becheva, E. and Benhabib, L. and Bianchini, L. and Bluj, M. and Broutin, C. and Busson, P. and Cerutti, M. and Chamont, D. and Charlot, C. and Daci, N. and Dahms, T. and Dalchenko, M. and Dobrzynski, L. and Geerebaert, Y. and Cassagnac, R. Granier de and Haguenauer, M. and Hennion, P. and Milleret, G. and Miné, P. and Mironov, C. and Naranjo, I. N. and Nguyen, M. and Ochando, C. and Paganini, P. and Romanteau, T. and Sabes, D. and Salerno, R. and Sartirana, A. and Sirois, Y. and Thiebaux, C. and Veelken, C. and Zabi, A. and Agram, J.-L. and Andrea, J. and Besson, A. and Bloch, D. and Bodin, D. and Brom, J.-M. and Cardaci, M. and Chabert, E. C. and Collard, C. and Conte, E. and Drouhin, F. and Ferro, C. and Fontaine, J.-C. and Gelé, D. and Goerlach, U. and Goetzmann, C. and Gross, L. and Huss, D. and Juillot, P. and Kieffer, E. and Bihan, A.-C. Le and Pansanel, J. and Patois, Y. and Hove, P. Van and Boutigny, D. and Mercier, D. and Baulieu, G. and Beauceron, S. and Beaupere, N. and Bedjidian, M. and Bondu, O. and Boudoul, G. and Brochet, S. and Chasserat, J. and Chierici, R. and Combaret, C. and Contardo, D. and Depasse, P. and Mamouni, H. El and Fay, J. and Gascon, S. and Giraud, N. and Gouzevitch, M. and Haroutunian, R. and Ille, B. and Kurca, T. and Lethuillier, M. and Lumb, N. and Mathez, H. and Mirabito, L. and Perries, S. and Sgandurra, L. and Sordini, V. and Tschudi, Y. and Donckt, M. Vander and Verdier, P. and Viret, S. and Roinishvili, V. and Rurua, L. and Amaglobeli, N. and Bagaturia, I. and Chiladze, B. and Kvatadze, R. and Lomidze, D. and Shanidze, R. and Tsamalaidze, Z. and Adolphi, R. and Anagnostou, G. and Autermann, C. and Beranek, S. and Brauer, R. and Braunschweig, W. and Calpas, B. and Edelhoff, M. and Feld, L. and Heracleous, N. and Hindrichs, O. and Jussen, R. and Karpinski, W. and Klein, K. and Lübelsmeyer, K. and Merz, J. and Ostapchuk, A. and Pandoulas, D. and Perieanu, A. and Raupach, F. and Sammet, J. and Schael, S. and Schmitz, D. and Dratzig, A. Schultz von and Siedling, R. and Sprenger, D. and Weber, H. and Wittmer, B. and Wlochal, M. and Zhukov, V. and Ata, M. and Biallass, P. and Caudron, J. and Dietz-Laursonn, E. and Duchardt, D. and Erdmann, M. and Fischer, R. and Güth, A. and Hebbeker, T. and Heidemann, C. and Hilgers, G. and Hoepfner, K. and Hof, C. and Klimkovich, T. and Klingebiel, D. and Kreuzer, P. and Magass, C. and Merschmeyer, M. and Meyer, A. and Olschewski, M. and Papacz, P. and Philipps, B. and Pieta, H. and Reithler, H. and Schmitz, S. A. and Sonnenschein, L. and Sowa, M. and Steggemann, J. and Teyssier, D. and Weber, M. and Bontenackels, M. and Cherepanov, V. and Erdogan, Y. and Flügge, G. and Geenen, H. and Geisler, M. and Ahmad, W. Haj and Hoehle, F. and Kargoll, B. and Kress, T. and Kuessel, Y. and Lingemann, J. and Nowack, A. and Perchalla, L. and Pooth, O. and Sauerland, P. and Stahl, A. and Zoeller, M. H. and Martin, M. Aldaya and Behr, J. and Behrenhoff, W. and Behrens, U. and Bergholz, M. and Bethani, A. and Borras, K. and Burgmeier, A. and Cakir, A. and Calligaris, L. and Campbell, A. and Castro, E. and Costanza, F. and Dammann, D. and Pardos, C. Diez and Eckerlin, G. and Eckstein, D. and Flossdorf, A. and Flucke, G. and Geiser, A. and Glushkov, I. and Goettlicher, P. and Grebenyuk, A. and Gunnellini, P. and Habib, S. and Hauk, J. and Hellwig, G. and Jung, H. and Kasemann, M. and Katsas, P. and Kleinwort, C. and Kluge, H. and Knutsson, A. and Krämer, M. and Krücker, D. and Kuznetsova, E. and Lange, W. and Lewendel, B. and Lohmann, W. and Lutz, B. and Mankel, R. and Marfin, I. and Marienfeld, M. and Melzer-Pellmann, I.-A. and Meyer, A. B. and Mnich, J. and Muhl, C. and Mussgiller, A. and Naumann-Emme, S. and Novgorodova, O. and Olzem, J. and Parenti, A. and Perrey, H. and Petrukhin, A. and Pitzl, D. and Raspereza, A. and Cipriano, P. M. Ribeiro and Riedl, C. and Ron, E. and Rosemann, C. and Rosin, M. and Salfeld-Nebgen, J. and Schmidt, R. and Schoerner-Sadenius, T. and Sen, N. and Spiridonov, A. and Stein, M. and Tomaszewska, J. and Volyanskyy, D. and Walsh, R. and Wissing, C. and Youngman, C. and Blobel, V. and Draeger, J. and Enderle, H. and Erfle, J. and Gebbert, U. and Görner, M. and Hermanns, T. and Höing, R. S. and Kaschube, K. and Kaussen, G. and Kirschenmann, H. and Klanner, R. and Lange, J. and Mura, B. and Nowak, F. and Peiffer, T. and Pietsch, N. and Rathjens, D. and Sander, C. and Schettler, H. and Schleper, P. and Schlieckau, E. and Schmidt, A. and Schröder, M. and Schum, T. and Seidel, M. and Sibille, J. and Sola, V. and Stadie, H. and Steinbrück, G. and Thomsen, J. and Vanelderen, L. and Barth, C. and Bauer, J. and Berger, J. and Blüm, P. and Böser, C. and Buege, V. and Chen, Z. Y. and Chowdhury, S. and Chwalek, T. and Daeuwel, D. and Boer, W. De and Descroix, A. and Dierlamm, A. and Dirkes, G. and Fahrer, M. and Feindt, M. and Felzmann, U. and Frey, M. and Furgeri, A. and Gebauer, I. and Gessler, A. and Gruschke, J. and Guthoff, M. and Hackstein, C. and Hartmann, F. and Hauler, F. and Hauth, T. and Heier, S. and Heindl, S. M. and Heinrich, M. and Heiss, A. and Held, H. and Hoffmann, K. H. and Honc, S. and Husemann, U. and Imhof, M. and Jung, C. and Junghans, S. and Katkov, I. and Kerzel, U. and Knoblauch, D. and Komaragiri, J. R. and Kräber, M. and Kuhr, T. and Liamsuwan, T. and Pardo, P. Lobelle and Martschei, D. and Menchikov, A. and Mol, X. and Mörmann, D. and Mueller, S. and Müller, Th and Neuberger, D. and Neuland, M. B. and Niegel, M. and Nürnberg, A. and Oberst, O. and Oehler, A. and Gomez, T. Ortega and Ott, J. and Piasecki, C. and Poschlad, A. and Quast, G. and Rabbertz, K. and Ratnikov, F. and Ratnikova, N. and Renz, M. and Röcker, S. and Roederer, F. and Sabellek, A. and Saout, C. and Scheurer, A. and Schieferdecker, D. and Schieferdecker, P. and Schilling, F.-P. and Schmanau, M. and Schott, G. and Schwerdtfeger, W. and Simonis, H. J. and Skiba, A. and Stober, F. M. and Theel, A. and Thümmel, W. H. and Troendle, D. and Trunov, A. and Ulrich, R. and Wagner-Kuhr, J. and Wayand, S. and Weber, M. and Weiler, T. and Zeise, M. and Ziebarth, E. B. and Zvada, M. and Daskalakis, G. and Geralis, T. and Kesisoglou, S. and Kyriakis, A. and Loukas, D. and Manolakos, I. and Markou, A. and Markou, C. and Mavrommatis, C. and Ntomari, E. and Gouskos, L. and Panagiotou, A. and Saoulidou, N. and Evangelou, I. and Foudas, C. and Kokkas, P. and Manthos, N. and Papadopoulos, I. and Patras, V. and Triantis, F. A. and Bencze, G. and Hajdu, C. and Hidas, P. and Horvath, D. and Sikler, F. and Veszpremi, V. and Vesztergombi, G. and Zalan, P. and Beni, N. and Czellar, S. and Fenyvesi, A. and Molnar, J. and Palinkas, J. and Szillasi, Z. and Karancsi, J. and Raics, P. and Trocsanyi, Z. L. and Ujvari, B. and Zilizi, G. and Beri, S. B. and Bhandari, V. and Bhatnagar, V. and Dhingra, N. and Gupta, R. and Kaur, M. and Kohli, J. M. and Mehta, M. Z. and Nishu, N. and Saini, L. K. and Sharma, A. and Singh, J. B. and Kumar, Ashok and Kumar, Arun and Ahuja, S. and Bhardwaj, A. and Chatterji, S. and Choudhary, B. C. and Gupta, P. and Malhotra, S. and Naimuddin, M. and Ranjan, K. and Sharma, V. and Shivpuri, R. K. and Banerjee, S. and Bhattacharya, S. and Dutta, S. and Gomber, B. and Jain, Sa and Jain, Sh and Khurana, R. and Sarkar, S. and Sharan, M. and Abdulsalam, A. and Choudhury, R. K. and Dutta, D. and Ghodgaonkar, M. and Kailas, S. and Kataria, S. K. and Kumar, V. and Mehta, P. and Mohanty, A. K. and Pant, L. M. and Shukla, P. and Topkar, A. and Aziz, T. and Chendvankar, S. and Deshpande, P. V. and Ganguli, S. N. and Ganguly, S. and Guchait, M. and Gurtu, A. and Maity, M. and Mazumdar, K. and Mohanty, G. B. and Parida, B. and Patil, M. R. and Raghavan, R. and Sudhakar, K. and Wickramage, N. and Acharya, B. S. and Banerjee, S. and Bheesette, S. and Dugad, S. and Kalmani, S. D. and Krishnaswamy, M. R. and Lakkireddi, V. R. and Mondal, N. K. and Narasimham, V. S. and Panyam, N. and Verma, P. and Ardalan, F. and Arfaei, H. and Bakhshiansohi, H. and Etesami, S. M. and Fahim, A. and Hashemi, M. and Jafari, A. and Khakzad, M. and Najafabadi, M. Mohammadi and Mehdiabadi, S. Paktinat and Safarzadeh, B. and Zeinali, M. and Abbrescia, M. and Barbone, L. and Calabria, C. and Chhibra, S. S. and Colaleo, A. and Creanza, D. and Filippis, N. De and Palma, M. De and Robertis, G. De and Donvito, G. and Fiore, L. and Iaselli, G. and Loddo, F. and Maggi, G. and Maggi, M. and Manna, N. and Marangelli, B. and My, S. and Natali, S. and Nuzzo, S. and Pacifico, N. and Pompili, A. and Pugliese, G. and Ranieri, A. and Romano, F. and Selvaggi, G. and Silvestris, L. and Singh, G. and Spinoso, V. and Venditti, R. and Verwilligen, P. and Zito, G. and Abbiendi, G. and Benvenuti, A. C. and Bonacorsi, D. and Braibant-Giacomelli, S. and Brigliadori, L. and Capiluppi, P. and Castro, A. and Cavallo, F. R. and Cuffiani, M. and Dallavalle, G. M. and Fabbri, F. and Fanfani, A. and Fasanella, D. and Giacomelli, P. and Grandi, C. and Guiducci, L. and Marcellini, S. and Masetti, G. and Meneghelli, M. and Montanari, A. and Navarria, F. L. and Odorici, F. and Perrotta, A. and Primavera, F. and Rossi, A. M. and Rovelli, T. and Siroli, G. P. and Travaglini, R. and Albergo, S. and Cappello, G. and Chiorboli, M. and Costa, S. and Noto, F. and Potenza, R. and Saizu, M. A. and Tricomi, A. and Tuve, C. and Barbagli, G. and Ciulli, V. and Civinini, C. and {DʼAlessandro}, R. and Focardi, E. and Frosali, S. and Gallo, E. and Genta, C. and Gonzi, S. and Meschini, M. and Paoletti, S. and Parrini, G. and Ranieri, R. and Sguazzoni, G. and Tropiano, A. and Benussi, L. and Bianco, S. and Colafranceschi, S. and Fabbri, F. and Piccolo, D. and Fabbricatore, P. and Farinon, S. and Greco, M. and Musenich, R. and Tosi, S. and Benaglia, A. and Carbone, L. and {DʼAngelo}, P. and Guio, F. De and Matteo, L. Di and Dini, P. and Farina, F. M. and Fiorendi, S. and Gennai, S. and Ghezzi, A. and Malvezzi, S. and Manzoni, R. A. and Martelli, A. and Massironi, A. and Menasce, D. and Moroni, L. and Negri, P. and Paganoni, M. and Pedrini, D. and Pullia, A. and Ragazzi, S. and Redaelli, N. and Sala, S. and Fatis, T. Tabarelli de and Buontempo, S. and Montoya, C. A. Carrillo and Cavallo, N. and Cosa, A. De and Dogangun, O. and Fabozzi, F. and Iorio, A. O. M. and Lista, L. and Meola, S. and Merola, M. and Paolucci, P. and Azzi, P. and Bacchetta, N. and Bellato, M. and Benettoni, M. and Biasotto, M. and Bisello, D. and Branca, A. and Carlin, R. and Checchia, P. and Dorigo, T. and Dosselli, U. and Fanzago, F. and Gasparini, F. and Gasparini, U. and Giubilato, P. and Gonella, F. and Gozzelino, A. and Gulmini, M. and Kanishchev, K. and Lacaprara, S. and Lazzizzera, I. and Loreti, M. and Margoni, M. and Maron, G. and Mazzucato, M. and Meneguzzo, A. T. and Montecassiano, F. and Passaseo, M. and Pazzini, J. and Pegoraro, M. and Pozzobon, N. and Ronchese, P. and Simonetto, F. and Torassa, E. and Tosi, M. and Vanini, S. and Ventura, S. and Zotto, P. and Zumerle, G. and Berzano, U. and Gabusi, M. and Ratti, S. P. and Riccardi, C. and Torre, P. and Vitulo, P. and Biasini, M. and Bilei, G. M. and Fanò, L. and Lariccia, P. and Lucaroni, A. and Mantovani, G. and Menichelli, M. and Nappi, A. and Passeri, D. and Placidi, P. and Romeo, F. and Saha, A. and Santocchia, A. and Servoli, L. and Spiezia, A. and Taroni, S. and Valdata, M. and Angelini, F. and Arezzini, S. and Azzurri, P. and Bagliesi, G. and Basti, A. and Bellazzini, R. and Bernardini, J. and Boccali, T. and Bosi, F. and Brez, A. and Broccolo, G. and Calzolari, F. and Carboni, A. and Castaldi, R. and Cerri, C. and Ciampa, A. and {DʼAgnolo}, R. T. and {DellʼOrso}, R. and Fiori, F. and Foà, L. and Giassi, A. and Giusti, S. and Kraan, A. and Latronico, L. and Ligabue, F. and Linari, S. and Lomtadze, T. and Martini, L. and Massa, M. and Massai, M. M. and Mazzoni, E. and Messineo, A. and Moggi, A. and Palla, F. and Raffaelli, F. and Rizzi, A. and Sanguinetti, G. and Segneri, G. and Serban, A. T. and Spagnolo, P. and Spandre, G. and Squillacioti, P. and Tenchini, R. and Tonelli, G. and Venturi, A. and Verdini, P. G. and Baccaro, S. and Barone, L. and Bartoloni, A. and Cavallari, F. and Dafinei, I. and Re, D. Del and Diemoz, M. and Fanelli, C. and Grassi, M. and Longo, E. and Meridiani, P. and Micheli, F. and Nourbakhsh, S. and Organtini, G. and Paramatti, R. and Rahatlou, S. and Sigamani, M. and Soffi, L. and Talamo, I. G. and Amapane, N. and Arcidiacono, R. and Argiro, S. and Arneodo, M. and Biino, C. and Cartiglia, N. and Costa, M. and Demaria, N. and Mariotti, C. and Maselli, S. and Migliore, E. and Monaco, V. and Musich, M. and Obertino, M. M. and Pastrone, N. and Pelliccioni, M. and Peroni, C. and Potenza, A. and Romero, A. and Ruspa, M. and Sacchi, R. and Solano, A. and Staiano, A. and Ambroglini, F. and Belforte, S. and Candelise, V. and Casarsa, M. and Cossutti, F. and Ricca, G. Della and Gobbo, B. and Kavka, C. and Marone, M. and Montanino, D. and Penzo, A. and Schizzi, A. and Kim, T. Y. and Nam, S. K. and Chang, S. and Chung, J. and Ham, S. W. and Han, D. and Kang, J. and Kim, D. H. and Kim, G. N. and Kim, J. E. and Kim, K. S. and Kong, D. J. and Lee, M. W. and Oh, Y. D. and Park, H. and Ro, S. R. and Son, D. and Son, D. C. and Suh, J. S. and Kim, J. Y. and Kim, Zero J. and Song, S. and Choi, S. and Gyun, D. and Hong, B. and Jo, M. and Jo, Y. and Kang, M. and Kim, H. and Kim, T. J. and Lee, K. S. and Moon, D. H. and Park, S. K. and Sim, K. S. and Choi, M. and Hahn, G. and Kang, S. and Kim, H. and Kim, J. H. and Park, C. and Park, I. C. and Park, S. and Ryu, G. and Choi, Y. and Choi, Y. K. and Goh, J. and Kim, M. S. and Kwon, E. and Lee, B. and Lee, J. and Lee, S. and Seo, H. and Yu, I. and Janulis, M. and Juodagalvis, A. and Naujikas, R. and Castilla-Valdez, H. and Cruz-Burelo, E. De La and Cruz, I. Heredia-de La and Lopez-Fernandez, R. and Villalba, R. Magaña and Martínez-Ortega, J. and Sánchez-Hernández, A. and Villasenor-Cendejas, L. M. and Moreno, S. Carrillo and Valencia, F. Vazquez and Ibarguen, H. A. Salazar and Linares, E. Casimiro and Pineda, A. Morelos and Reyes-Santos, M. A. and Allfrey, P. and Krofcheck, D. and Bell, A. J. and Rodrigues, N. Bernardino and Butler, A. P. H. and Butler, P. H. and Doesburg, R. and Pfeiffer, D. and Reucroft, S. and Silverwood, H. and Williams, J. C. and Ahmad, M. and Ansari, M. H. and Asghar, M. I. and Butt, J. and Hoorani, H. R. and Khalid, S. and Khan, W. A. and Khurshid, T. and Qazi, S. and Shah, M. A. and Shoaib, M. and Bialkowska, H. and Boimska, B. and Frueboes, T. and Gokieli, R. and Goscilo, L. and Górski, M. and Kazana, M. and Kudla, I. M. and Nawrocki, K. and Romanowska-Rybinska, K. and Szleper, M. and Wrochna, G. and Zalewski, P. and Brona, G. and Bunkowski, K. and Cwiok, M. and Czyrkowski, H. and Dabrowski, R. and Dominik, W. and Doroba, K. and Kalinowski, A. and Konecki, M. and Krolikowski, J. and Oklinski, W. and Pozniak, K. and Zabolotny, W. and Zych, P. and Kasprowicz, G. and Romaniuk, R. and Alemany-Fernandez, R. and Almeida, N. and Bargassa, P. and David, A. and Faccioli, P. and Parracho, P. G. Ferreira and Gallinaro, M. and Ribeiro, P. Q. and Seixas, J. and Silva, J. and Varela, J. and Vischia, P. and Afanasiev, S. and Belotelov, I. and Bunin, P. and Ershov, Y. and Gavrilenko, M. and Golunov, A. and Golutvin, I. and Gorbounov, N. and Gorbunov, I. and Gramenitski, I. and Kalagin, V. and Kamenev, A. and Karjavin, V. and Konoplyanikov, V. and Korenkov, V. and Kozlov, G. and Kurenkov, A. and Lanev, A. and Makankin, A. and Malakhov, A. and Melnitchenko, I. and Mitsyn, V. V. and Moisenz, P. and Oleynik, D. and Orlov, A. and Palichik, V. and Perelygin, V. and Petrosyan, A. and Savina, M. and Semenov, R. and Shmatov, S. and Shulha, S. and Skachkova, A. and Skatchkov, N. and Smetannikov, V. and Smirnov, V. and Smolin, D. and Tikhonenko, E. and Vasilʼev, S. and Volodko, A. and Zarubin, A. and Zhiltsov, V. and Evstyukhin, S. and Golovtsov, V. and Ivanov, Y. and Kim, V. and Levchenko, P. and Murzin, V. and Oreshkin, V. and Smirnov, I. and Sulimov, V. and Uvarov, L. and Vavilov, S. and Vorobyev, A. and Vorobyev, An and Andreev, Yu and Anisimov, A. and Dermenev, A. and Gninenko, S. and Golubev, N. and Gorbunov, D. and Karneyeu, A. and Kirsanov, M. and Krasnikov, N. and Matveev, V. and Pashenkov, A. and Pivovarov, G. and Postoev, V. E. and Rubakov, V. and Shirinyants, V. and Solovey, A. and Tlisov, D. and Toropin, A. and Troitsky, S. and Epshteyn, V. and Erofeeva, M. and Gavrilov, V. and Kaftanov, V. and Kiselevich, I. and Kolosov, V. and Konoplyannikov, A. and Kossov, M. and Kozlov, Y. and Krokhotin, A. and Litvintsev, D. and Lychkovskaya, N. and Oulianov, A. and Popov, V. and Safronov, G. and Semenov, S. and Stepanov, N. and Stolin, V. and Vlasov, E. and Zaytsev, V. and Zhokin, A. and Belyaev, A. and Boos, E. and Bunichev, V. and Demiyanov, A. and Dubinin, M. and Dudko, L. and Ershov, A. and Gribushin, A. and Ilyin, V. and Kaminskiy, A. and Klyukhin, V. and Kodolova, O. and Korotkikh, V. and Kryukov, A. and Lokhtin, I. and Markina, A. and Obraztsov, S. and Perfilov, M. and Petrushanko, S. and Popov, A. and Proskuryakov, A. and Sarycheva, L. and Savrin, V. and Snigirev, A. and Vardanyan, I. and Andreev, V. and Azarkin, M. and Dremin, I. and Kirakosyan, M. and Leonidov, A. and Mesyats, G. and Rusakov, S. V. and Vinogradov, A. and Azhgirey, I. and Bayshev, I. and Bitioukov, S. and Grishin, V. and Kachanov, V. and Kalinin, A. and Konstantinov, D. and Korablev, A. and Krychkine, V. and Levine, A. and Petrov, V. and Ryabov, A. and Ryutin, R. and Sobol, A. and Talov, V. and Tourtchanovitch, L. and Troshin, S. and Tyurin, N. and Uzunian, A. and Volkov, A. and Adzic, P. and Djordjevic, M. and Ekmedzic, M. and Krpic, D. and Milosevic, J. and Smiljkovic, N. and Zupan, M. and Aguilar-Benitez, M. and Maestre, J. Alcaraz and Arce, P. and Battilana, C. and Calvo, E. and Cerrada, M. and Llatas, M. Chamizo and Colino, N. and Cruz, B. De La and Peris, A. Delgado and Vázquez, D. Domínguez and Bedoya, C. Fernandez and Ramos, J. P. Fernández and Ferrando, A. and Flix, J. and Fouz, M. C. and Garcia-Abia, P. and Lopez, O. Gonzalez and Lopez, S. Goy and Hernandez, J. M. and Josa, M. I. and Merino, G. and Pelayo, J. Puerta and Olmeda, A. Quintario and Redondo, I. and Romero, L. and Santaolalla, J. and Soares, M. S. and Willmott, C. and Albajar, C. and Codispoti, G. and Trocóniz, J. F. de and Brun, H. and Cuevas, J. and Menendez, J. Fernandez and Folgueras, S. and Caballero, I. Gonzalez and Iglesias, L. Lloret and Gomez, J. Piedra and Cifuentes, J. A. Brochero and Cabrillo, I. J. and Calderon, A. and Chuang, S. H. and Campderros, J. Duarte and Felcini, M. and Fernandez, M. and Gomez, G. and Sanchez, J. Gonzalez and Graziano, A. and Jorda, C. and Virto, A. Lopez and Marco, J. and Marco, R. and Rivero, C. Martinez and Matorras, F. and Sanchez, F. J. Munoz and Rodrigo, T. and Rodríguez-Marrero, A. Y. and Ruiz-Jimeno, A. and Scodellaro, L. and Sanudo, M. Sobron and Vila, I. and Cortabitarte, R. Vilar and Abbaneo, D. and Aspell, P. and Auffray, E. and Auzinger, G. and Bachtis, M. and Baechler, J. and Baillon, P. and Ball, A. H. and Barney, D. and Benitez, J. F. and Bernet, C. and Bialas, W. and Bianchi, G. and Bloch, P. and Bocci, A. and Bonato, A. and Botta, C. and Breuker, H. and Campi, D. and Camporesi, T. and Cano, E. and Cerminara, G. and Charkiewicz, A. and Christiansen, T. and Perez, J. A. Coarasa and Curé, B. and {DʼEnterria}, D. and Dabrowski, A. and Daguin, J. and Roeck, A. De and Guida, S. Di and Dobson, M. and Dupont-Sagorin, N. and Elliott-Peisert, A. and Eppard, M. and Frisch, B. and Funk, W. and Gaddi, A. and Gastal, M. and Georgiou, G. and Gerwig, H. and Giffels, M. and Gigi, D. and Gill, K. and Giordano, D. and Girone, M. and Giunta, M. and Glege, F. and Garrido, R. Gomez-Reino and Govoni, P. and Gowdy, S. and Guida, R. and Gutleber, J. and Hansen, M. and Harris, P. and Hartl, C. and Harvey, J. and Hegner, B. and Hinzmann, A. and Honma, A. and Innocente, V. and Janot, P. and Kaadze, K. and Karavakis, E. and Kloukinas, K. and Kousouris, K. and Lecoq, P. and Lee, Y.-J. and Lenzi, P. and Loos, R. and Lourenço, C. and Magini, N. and Mäki, T. and Malberti, M. and Malgeri, L. and Mannelli, M. and Marchioro, A. and Noite, J. Marques Pinho and Masetti, L. and Meijers, F. and Mersi, S. and Meschi, E. and Moneta, L. and Mozer, M. U. and Mulders, M. and Musella, P. and Onnela, A. and Orimoto, T. and Orsini, L. and Osborne, J. A. and Cortezon, E. Palencia and Perez, E. and Perrozzi, L. and Petagna, P. and Petrilli, A. and Petrucci, A. and Pfeiffer, A. and Pierini, M. and Pimiä, M. and Piparo, D. and Polese, G. and Postema, H. and Quertenmont, L. and Racz, A. and Reece, W. and Ricci, D. and Antunes, J. Rodrigues and Rolandi, G. and Rovelli, C. and Rovere, M. and Ryjov, V. and Sakulin, H. and Samyn, D. and Santanastasio, F. and Schäfer, C. and Schwick, C. and Sciaba, A. and Segoni, I. and Sekmen, S. and Sharma, A. and Siegrist, P. and Silva, P. and Simon, M. and Sphicas, P. and Spiga, D. and Taylor, B. G. and Tropea, P. and Troska, J. and Tsirou, A. and Vasey, F. and Veillet, L. and Veres, G. I. and Vichoudis, P. and Vlimant, J. R. and Wertelaers, P. and Wöhri, H. K. and Worm, S. D. and Zeuner, W. D. and Bertl, W. and Deiters, K. and Erdmann, W. and Feichtinger, D. and Gabathuler, K. and Horisberger, R. and Ingram, Q. and Kaestli, H. C. and König, S. and Kotlinski, D. and Langenegger, U. and Meier, B. and Meier, F. and Renker, D. and Rohe, T. and Sakhelashvili, T. and Bäni, L. and Behner, F. and Betev, B. and Blau, B. and Bortignon, P. and Buchmann, M. A. and Casal, B. and Chanon, N. and Chen, Z. and Calafiori, D. R. Da Silva Di and Dambach, S. and Davatz, G. and Deisher, A. and Dissertori, G. and Dittmar, M. and Djambazov, L. and Donegà, M. and Dünser, M. and Eggel, C. and Eugster, J. and Faber, G. and Freudenreich, K. and Grab, C. and Hintz, W. and Hits, D. and Hofer, H. and Holme, O. and Horvath, I. and Lecomte, P. and Lustermann, W. and Marchica, C. and Marini, A. C. and Arbol, P. Martinez Ruiz del and Mohr, N. and Moortgat, F. and Nägeli, C. and Nef, P. and Nessi-Tedaldi, F. and Pandolfi, F. and Pape, L. and Pauss, F. and Peruzzi, M. and Punz, T. and Ronga, F. J. and Röser, U. and Rossini, M. and Sala, L. and Sanchez, A. K. and Sawley, M.-C. and Schinzel, D. and Starodumov, A. and Stieger, B. and Suter, H. and Takahashi, M. and Tauscher, L. and Thea, A. and Theofilatos, K. and Treille, D. and Trüb, P. and Udriot, S. and Urscheler, C. and Viertel, G. and Gunten, H. P. von and Wallny, R. and Weber, H. A. and Wehrli, L. and Weng, J. and Zelepoukine, S. and Amsler, C. and Chiochia, V. and Visscher, S. De and Favaro, C. and Rikova, M. Ivova and Mejias, B. Millan and Otiougova, P. and Robmann, P. and Snoek, H. and Tupputi, S. and Verzetti, M. and Chang, Y. H. and Chen, K. H. and Chen, W. T. and Go, A. and Kuo, C. M. and Li, S. W. and Lin, W. and Liu, M. H. and Liu, Z. K. and Lu, Y. J. and Mekterovic, D. and Singh, A. P. and Volpe, R. and Wu, J. H. and Yu, S. S. and Bartalini, P. and Chang, P. and Chang, Y. H. and Chang, Y. W. and Chao, Y. and Chen, K. F. and Dietz, C. and Gao, Z. and Grundler, U. and Hou, W.-S. and Hsiung, Y. and Kao, K. Y. and Lei, Y. J. and Liau, J. j and Lin, S. W. and Lu, R.-S. and Majumder, D. and Petrakou, E. and Shi, X. and Shiu, J. G. and Tzeng, Y. M. and Ueno, K. and Velikzhanin, Y. and Wan, X. and Wang, C. C. and Wang, M. and Wei, J. T. and Yeh, P. and Asavapibhop, B. and Srimanobhas, N. and Adiguzel, A. and Bakirci, M. N. and Cerci, S. and Dozen, C. and Dumanoglu, I. and Eskut, E. and Girgis, S. and Gokbulut, G. and Gurpinar, E. and Hos, I. and Kangal, E. E. and Karaman, T. and Karapinar, G. and Topaksu, A. Kayis and Onengut, G. and Ozdemir, K. and Ozturk, S. and Polatoz, A. and Sogut, K. and Cerci, D. Sunar and Tali, B. and Topakli, H. and Vergili, L. N. and Vergili, M. and Akin, I. V. and Aliev, T. and Bilin, B. and Deniz, M. and Gamsizkan, H. and Guler, A. M. and Ocalan, K. and Ozpineci, A. and Serin, M. and Sever, R. and Surat, U. E. and Zeyrek, M. and Deliomeroglu, M. and Gülmez, E. and Isildak, B. and Kaya, M. and Kaya, O. and Ozkorucuklu, S. and Sonmez, N. and Cankocak, K. and Grynyov, B. and Levchuk, L. and Lukyanenko, S. and Soroka, D. and Sorokin, P. and Ahmad, M. K. H. and Branson, A. and {McClatchey}, R. and Odeh, M. and Shamdasani, J. and Soomro, K. and Barrass, T. and Bostock, F. and Brooke, J. J. and Clement, E. and Cussans, D. and Flacher, H. and Frazier, R. and Goldstein, J. and Grimes, M. and Heath, G. P. and Heath, H. F. and Kreczko, L. and Lacesso, W. and Metson, S. and Newbold, D. M. and Nirunpong, K. and Poll, A. and Senkin, S. and Smith, V. J. and Williams, T. and Basso, L. and Bateman, E. and Bell, K. W. and Belyaev, A. and Brew, C. and Brown, R. M. and Camanzi, B. and Cockerill, D. J. A. and Connolly, J. F. and Coughlan, J. A. and Denton, L. G. and Flower, P. S. and French, M. J. and Greenhalgh, R. J. S. and Halsall, R. N. J. and Harder, K. and Harper, S. and Hill, J. A. and Jackson, J. and Kennedy, B. W. and Lintern, A. L. and Lodge, A. B. and Olaiya, E. and Pearson, M. R. and Petyt, D. and Radburn-Smith, B. C. and Shepherd-Themistocleous, C. H. and Smith, B. J. and Sproston, M. and Stephenson, R. and Tomalin, I. R. and Torbet, M. J. and Williams, J. H. and Womersley, W. J. and Bainbridge, R. and Ball, G. and Ballin, J. and Bauer, D. and Beuselinck, R. and Buchmuller, O. and Colling, D. and Cripps, N. and Cutajar, M. and Dauncey, P. and Davies, G. and Negra, M. Della and Ferguson, W. and Fulcher, J. and Futyan, D. and Gilbert, A. and Bryer, A. Guneratne and Hall, G. and Hatherell, Z. and Hays, J. and Iles, G. and Jarvis, M. and Jones, J. and Karapostoli, G. and Kenzie, M. and Leaver, J. and Lyons, L. and Magnan, A.-M. and Marrouche, J. and Mathias, B. and Miller, D. G. and Nandi, R. and Nash, J. and Nikitenko, A. and Noy, M. and Papageorgiou, A. and Pela, J. and Pesaresi, M. and Petridis, K. and Pioppi, M. and Rand, D. and Raymond, D. M. and Rogerson, S. and Rose, A. and Ryan, M. J. and Seez, C. and Sharp, P. and Sparrow, A. and Stoye, M. and Tapper, A. and Timlin, C. and Tourneur, S. and Acosta, M. Vazquez and Virdee, T. and Wakefield, S. and Wardle, N. and Whyntie, T. and Wingham, M. and Zorba, O. and Chadwick, M. and Cole, J. E. and Hobson, P. R. and Khan, A. and Kyberd, P. and Leggat, D. and Leslie, D. and Martin, W. and Reid, I. D. and Symonds, P. and Teodorescu, L. and Turner, M. and Dittmann, J. and Hatakeyama, K. and Liu, H. and Scarborough, T. and Charaf, O. and Henderson, C. and Rumerio, P. and Avetisyan, A. and Bose, T. and Jarrin, E. Carrera and Fantasia, C. and Hazen, E. and Heister, A. and John, J. St and Lawson, P. and Lazic, D. and Rohlf, J. and Sperka, D. and Sulak, L. and Rodriguez, F. Varela and Wu, S. and Alimena, J. and Bhattacharya, S. and Cutts, D. and Demiragli, Z. and Ferapontov, A. and Garabedian, A. and Heintz, U. and Hooper, R. and Jabeen, S. and Kukartsev, G. and Laird, E. and Landsberg, G. and Luk, M. and Narain, M. and Nguyen, D. and Segala, M. and Sinthuprasith, T. and Speer, T. and Tsang, K. V. and Unalan, Z. and Breedon, R. and Breto, G. and Sanchez, M. Calderon De La Barca and Case, M. and Chauhan, S. and Chertok, M. and Conway, J. and Conway, R. and Cox, P. T. and Dolen, J. and Erbacher, R. and Gardner, M. and Grim, G. and Gunion, J. and Holbrook, B. and Ko, W. and Kopecky, A. and Lander, R. and Lin, F. C. and Miceli, T. and Murray, P. and Nikolic, M. and Pellett, D. and Ricci-tam, F. and Rowe, J. and Rutherford, B. and Searle, M. and Smith, J. and Squires, M. and Tripathi, M. and Sierra, R. Vasquez and Yohay, R. and Andreev, V. and Arisaka, K. and Cline, D. and Cousins, R. and Duris, J. and Erhan, S. and Everaerts, P. and Farrell, C. and Hauser, J. and Ignatenko, M. and Jarvis, C. and Kubic, J. and Otwinowski, S. and Plager, C. and Rakness, G. and Schlein, P. and Traczyk, P. and Valuev, V. and Weber, M. and Yang, X. and Zheng, Y. and Babb, J. and Clare, R. and Dinardo, M. E. and Ellison, J. and Gary, J. W. and Giordano, F. and Hanson, G. and Jeng, G. Y. and Layter, J. G. and Liu, H. and Long, O. R. and Luthra, A. and Nguyen, H. and Paramesvaran, S. and Shen, B. C. and Sturdy, J. and Sumowidagdo, S. and Wilken, R. and Wimpenny, S. and Andrews, W. and Branson, J. G. and Cerati, G. B. and Cinquilli, M. and Cittolin, S. and Evans, D. and Golf, F. and Holzner, A. and Kelley, R. and Lebourgeois, M. and Letts, J. and Macneill, I. and Mangano, B. and Martin, T. and Mrak-Tadel, A. and Padhi, S. and Palmer, C. and Petrucciani, G. and Pieri, M. and Sani, M. and Sfiligoi, I. and Sharma, V. and Simon, S. and Sudano, E. and Tadel, M. and Tu, Y. and Vartak, A. and Wasserbaech, S. and Würthwein, F. and Yagil, A. and Yoo, J. and Barge, D. and Bellan, R. and Campagnari, C. and {DʼAlfonso}, M. and Danielson, T. and Flowers, K. and Geffert, P. and Incandela, J. and Justus, C. and Kalavase, P. and Koay, S. A. and Kovalskyi, D. and Krutelyov, V. and Kyre, S. and Lowette, S. and Magazzu, G. and Mccoll, N. and Pavlunin, V. and Rebassoo, F. and Ribnik, J. and Richman, J. and Rossin, R. and Stuart, D. and To, W. and West, C. and White, D. and Adamczyk, D. and Apresyan, A. and Barczyk, A. and Bornheim, A. and Bunn, J. and Chen, Y. and Denis, G. and Marco, E. Di and Duarte, J. and Galvez, P. and Gataullin, M. and Kcira, D. and Legrand, I. and Litvine, V. and Ma, Y. and Maxa, Z. and Mott, A. and Mughal, A. and Nae, D. and Newman, H. B. and Ravot, S. and Rogan, C. and Rozsa, S. G. and Shevchenko, S. and Shin, K. and Spiropulu, M. and Steenberg, C. and Thomas, M. and Timciuc, V. and Lingen, F. van and Veverka, J. and Voicu, B. R. and Wilkinson, R. and Xie, S. and Yang, Y. and Zhang, L. and Zhu, K. and Zhu, R. Y. and Akgun, B. and Azzolini, V. and Calamba, A. and Carroll, R. and Ferguson, T. and Iiyama, Y. and Jang, D. W. and Jun, S. Y. and Liu, Y. F. and Paulini, M. and Russ, J. and Terentyev, N. and Vogel, H. and Vorobiev, I. and Cumalat, J. P. and Drell, B. R. and Ford, W. T. and Gaz, A. and Heyburn, B. and Johnson, D. and Lopez, E. Luiggi and Nauenberg, U. and Smith, J. G. and Stenson, K. and Ulmer, K. A. and Wagner, S. R. and Zang, S. L. and Agostino, L. and Alexander, J. and Chatterjee, A. and Eggert, N. and Gibbons, L. K. and Heltsley, B. and Khukhunaishvili, A. and Kreis, B. and Kuznetsov, V. and Mirman, N. and Kaufman, G. Nicolas and Patterson, J. R. and Riley, D. and Ryd, A. and Salvati, E. and Stroiney, S. and Sun, W. and Teo, W. D. and Thom, J. and Thompson, J. and Tucker, J. and Vaughan, J. and Weng, Y. and Winstrom, L. and Wittich, P. and Winn, D. and Abdullin, S. and Albert, M. and Albrow, M. and Anderson, J. and Apollinari, G. and Atac, M. and Badgett, W. and Bakken, J. A. and Baldin, B. and Banicz, K. and Bauerdick, L. A. T. and Beretvas, A. and Berryhill, J. and Bhat, P. C. and Binkley, M. and Borcherding, F. and Burkett, K. and Butler, J. N. and Chetluru, V. and Cheung, H. W. K. and Chlebana, F. and Cihangir, S. and Dagenhart, W. and Derylo, G. and Dumitrescu, C. and Dykstra, D. and Eartly, D. P. and Elias, J. E. and Elvira, V. D. and Eulisse, G. and Evans, D. and Fagan, D. and Fisk, I. and Foulkes, S. and Freeman, J. and Gaines, I. and Gao, Y. and Gartung, P. and Giacchetti, L. and Gottschalk, E. and Green, D. and Guo, Y. and Gutsche, O. and Hahn, A. and Hanlon, J. and Harris, R. M. and Hirschauer, J. and Holzman, B. and Hooberman, B. and Howell, J. and Huang, C. h and Hufnagel, D. and Jindariani, S. and Johnson, M. and Jones, C. D. and Joshi, U. and Juska, E. and Kilminster, B. and Klima, B. and Kunori, S. and Kwan, S. and Larson, K. and Leonidopoulos, C. and Linacre, J. and Lincoln, D. and Lipton, R. and Perez, J. A. Lopez and Los, S. and Lykken, J. and Maeshima, K. and Marraffino, J. M. and Maruyama, S. and Mason, D. and {McBride}, P. and {McCauley}, T. and Mishra, K. and Moccia, S. and Mommsen, R. K. and Mrenna, S. and Musienko, Y. and Muzaffar, S. and Newman-Holmes, C. and {OʼDell}, V. and Osborne, I. and Pivarski, J. and Popescu, S. and Pordes, R. and Prokofyev, O. and Rapsevicius, V. and Ronzhin, A. and Rossman, P. and Ryu, S. and Sexton-Kennedy, E. and Sharma, S. and Shaw, T. M. and Smith, R. P. and Soha, A. and Spalding, W. J. and Spiegel, L. and Tanenbaum, W. and Taylor, L. and Thompson, R. and Tiradani, A. and Tkaczyk, S. and Tran, N. V. and Tuura, L. and Uplegger, L. and Vaandering, E. W. and Vidal, R. and Whitmore, J. and Wu, W. and Yang, F. and Yarba, J. and Yun, J. C. and Zimmerman, T. and Acosta, D. and Avery, P. and Barashko, V. and Bourilkov, D. and Chen, M. and Cheng, T. and Das, S. and Gruttola, M. De and Giovanni, G. P. Di and Dobur, D. and Dolinsky, S. and Drozdetskiy, A. and Field, R. D. and Fisher, M. and Fu, Y. and Furic, I. K. and Gartner, J. and Gorn, L. and Holmes, D. and Hugon, J. and Kim, B. and Konigsberg, J. and Korytov, A. and Kropivnitskaya, A. and Kypreos, T. and Low, J. F. and Madorsky, A. and Matchev, K. and Milenovic, P. and Mitselmakher, G. and Muniz, L. and Park, M. and Remington, R. and Rinkevicius, A. and Scurlock, B. and Skhirtladze, N. and Snowball, M. and Stasko, J. and Yelton, J. and Zakaria, M. and Gaultney, V. and Hewamanage, S. and Lebolo, L. M. and Linn, S. and Markowitz, P. and Martinez, G. and Rodriguez, J. L. and Adams, T. and Askew, A. and Bertoldi, M. and Bochenek, J. and Chen, J. and Dharmaratna, W. G. D. and Diamond, B. and Gleyzer, S. V. and Haas, J. and Hagopian, S. and Hagopian, V. and Jenkins, M. and Johnson, K. F. and Prosper, H. and Tentindo, S. and Veeraraghavan, V. and Weinberg, M. and Baarmand, M. M. and Dorney, B. and Hohlmann, M. and Kalakhety, H. and Ralich, R. and Vodopiyanov, I. and Yumiceva, F. and Adams, M. R. and Anghel, I. M. and Apanasevich, L. and Bai, Y. and Bazterra, V. E. and Betts, R. R. and Bucinskaite, I. and Callner, J. and Cavanaugh, R. and Chung, M. H. and Evdokimov, O. and Garcia-Solis, E. J. and Gauthier, L. and Gerber, C. E. and Hofman, D. J. and Hollis, R. and Iordanova, A. and Khalatyan, S. and Kunde, G. J. and Lacroix, F. and Malek, M. and {OʼBrien}, C. and Silkworth, C. and Silvestre, C. and Smoron, A. and Strom, D. and Turner, P. and Varelas, N. and Akgun, U. and Albayrak, E. A. and Ayan, A. S. and Bilki, B. and Clarida, W. and Debbins, P. and Duru, F. and Ingram, F. D. and {McCliment}, E. and Merlo, J.-P. and Mermerkaya, H. and Mestvirishvili, A. and Miller, M. J. and Moeller, A. and Nachtman, J. and Newsom, C. R. and Norbeck, E. and Olson, J. and Onel, Y. and Ozok, F. and Schmidt, I. and Sen, S. and Tan, P. and Tiras, E. and Wetzel, J. and Yetkin, T. and Yi, K. and Barnett, B. A. and Blumenfeld, B. and Bolognesi, S. and Fehling, D. and Giurgiu, G. and Gritsan, A. V. and Guo, Z. J. and Hu, G. and Maksimovic, P. and Rappoccio, S. and Swartz, M. and Whitbeck, A. and Baringer, P. and Bean, A. and Benelli, G. and Coppage, D. and Grachov, O. and Iii, R. P. Kenny and Murray, M. and Noonan, D. and Radicci, V. and Sanders, S. and Stringer, R. and Tinti, G. and Wood, J. S. and Zhukova, V. and Barfuss, A. F. and Bolton, T. and Chakaberia, I. and Ivanov, A. and Khalil, S. and Makouski, M. and Maravin, Y. and Shrestha, S. and Svintradze, I. and Gronberg, J. and Lange, D. and Wright, D. and Baden, A. and Bard, R. and Boutemeur, M. and Calvert, B. and Eno, S. C. and Gomez, J. A. and Grassi, T. and Hadley, N. J. and Kellogg, R. G. and Kirn, M. and Kolberg, T. and Lu, Y. and Marionneau, M. and Mignerey, A. C. and Pedro, K. and Peterman, A. and Rossato, K. and Skuja, A. and Temple, J. and Tonjes, M. B. and Tonwar, S. C. and Toole, T. and Twedt, E. and Apyan, A. and Bauer, G. and Bendavid, J. and Busza, W. and Butz, E. and Cali, I. A. and Chan, M. and Dutta, V. and Ceballos, G. Gomez and Goncharov, M. and Hahn, K. A. and Kim, Y. and Klute, M. and Krajczar, K. and Levin, A. and Luckey, P. D. and Ma, T. and Nahn, S. and Paus, C. and Ralph, D. and Roland, C. and Roland, G. and Rudolph, M. and Stephans, G. S. F. and Stöckli, F. and Sumorok, K. and Sung, K. and Velicanu, D. and Wenger, E. A. and Wolf, R. and Wyslouch, B. and Yang, M. and Yilmaz, Y. and Yoon, A. S. and Zanetti, M. and Bailleux, D. and Cooper, S. I. and Cushman, P. and Dahmes, B. and Benedetti, A. De and Egeland, R. and Franzoni, G. and Gude, A. and Haupt, J. and Inyakin, A. and Kao, S. C. and Klapoetke, K. and Kubota, Y. and Mans, J. and Pastika, N. and Rusack, R. and Singovsky, A. and Tambe, N. and Turkewitz, J. and Cremaldi, L. M. and Kroeger, R. and Perera, L. and Rahmat, R. and Reidy, J. and Sanders, D. A. and Summers, D. and Attebury, G. and Avdeeva, E. and Bloom, K. and Bockelman, B. and Bose, S. and Claes, D. R. and Dominguez, A. and Eads, M. and Keller, J. and Kravchenko, I. and Lazo-Flores, J. and Lundstedt, C. and Malbouisson, H. and Malik, S. and Snihur, R. and Snow, G. R. and Swanson, D. and Baur, U. and Godshalk, A. and Iashvili, I. and Jain, S. and Kharchilava, A. and Kumar, A. and Shipkowski, S. P. and Smith, K. and Alverson, G. and Barberis, E. and Baumgartel, D. and Chasco, M. and Haley, J. and Moromisato, J. and Nash, D. and Swain, J. and Trocino, D. and Goeler, E. Von and Wood, D. and Zhang, J. and Anastassov, A. and Gobbi, B. and Kubik, A. and Lusito, L. and Odell, N. and Ofierzynski, R. A. and Pollack, B. and Pozdnyakov, A. and Schmitt, M. and Stoynev, S. and Velasco, M. and Won, S. and Antonelli, L. and Baumbaugh, B. and Berry, D. and Brinkerhoff, A. and Chan, K. M. and Heering, A. H. and Hildreth, M. and Jessop, C. and Karmgard, D. J. and Kellams, N. and Kolb, J. and Lannon, K. and Luo, W. and Lynch, S. and Marinelli, N. and Morse, D. M. and Pearson, T. and Planer, M. and Ruchti, R. and Slaunwhite, J. and Valls, N. and Wayne, M. and Wolf, M. and Woodard, A. and Bylsma, B. and Durkin, L. S. and Hill, C. and Hughes, R. and Kotov, K. and Ling, T. Y. and Puigh, D. and Rodenburg, M. and Rush, C. J. and Sehgal, V. and Vuosalo, C. and Williams, G. and Winer, B. L. and Adam, N. and Berry, E. and Elmer, P. and Gerbaudo, D. and Halyo, V. and Hebda, P. and Hegeman, J. and Hunt, A. and Jindal, P. and Pegna, D. Lopes and Lujan, P. and Marlow, D. and Medvedeva, T. and Mooney, M. and Olsen, J. and Piroué, P. and Quan, X. and Raval, A. and Saka, H. and Stickland, D. and Tully, C. and Werner, J. S. and Wildish, T. and Xie, Z. and Zenz, S. C. and Zuranski, A. and Acosta, J. G. and Alamo, M. Bonnett Del and Brownson, E. and Huang, X. T. and Lopez, A. and Mendez, H. and Oliveros, S. and Vargas, J. E. Ramirez and Zatserklyaniy, A. and Alagoz, E. and Arndt, K. and Barnes, V. E. and Benedetti, D. and Bolla, G. and Bortoletto, D. and Bujak, A. and Mattia, M. De and Everett, A. and Gutay, L. and Hu, Z. and Jones, M. and Koybasi, O. and Kress, M. and Laasanen, A. T. and Lee, J. and Leonardo, N. and Liu, C. and Maroussov, V. and Merkel, P. and Miller, D. H. and Miyamoto, J. and Neumeister, N. and Rott, C. and Roy, A. and Shipsey, I. and Silvers, D. and Svyatkovskiy, A. and Marono, M. Vidal and Yoo, H. D. and Zablocki, J. and Zheng, Y. and Guragain, S. and Parashar, N. and Adair, A. and Boulahouache, C. and Cuplov, V. and Ecklund, K. M. and Geurts, F. J. M. and Lee, S. J. and Li, W. and Liu, J. H. and Matveev, M. and Padley, B. P. and Redjimi, R. and Roberts, J. and Tumanov, A. and Yepes, P. and Zabel, J. and Betchart, B. and Bodek, A. and Budd, H. and Chung, Y. S. and Covarelli, R. and Barbaro, P. de and Demina, R. and Eshaq, Y. and Ferbel, T. and Garcia-Bellido, A. and Ginther, G. and Goldenzweig, P. and Gotra, Y. and Han, J. and Harel, A. and Korjenevski, S. and Miner, D. C. and Orbaker, D. and Sakumoto, W. and Slattery, P. and Vishnevskiy, D. and Zielinski, M. and Bhatti, A. and Ciesielski, R. and Demortier, L. and Goulianos, K. and Lungu, G. and Malik, S. and Mesropian, C. and Arora, S. and Barker, A. and Chou, J. P. and Contreras-Campana, C. and Contreras-Campana, E. and Duggan, D. and Ferencek, D. and Gershtein, Y. and Gray, R. and Halkiadakis, E. and Hidas, D. and Lath, A. and Panwalkar, S. and Park, M. and Patel, R. and Rekovic, V. and Robles, J. and Rose, K. and Salur, S. and Schnetzer, S. and Seitz, C. and Somalwar, S. and Stone, R. and Thomas, S. and Cerizza, G. and Hollingsworth, M. and Ragghianti, G. and Spanier, S. and Yang, Z. C. and York, A. and Bouhali, O. and Eusebi, R. and Flanagan, W. and Gilmore, J. and Kamon, T. and Khotilovich, V. and Montalvo, R. and Nguyen, C. N. and Osipenkov, I. and Pakhotin, Y. and Perloff, A. and Roe, J. and Safonov, A. and Sakuma, T. and Sengupta, S. and Suarez, I. and Tatarinov, A. and Toback, D. and Akchurin, N. and Damgov, J. and Dragoiu, C. and Dudero, P. R. and Jeong, C. and Kovitanggoon, K. and Lee, S. W. and Libeiro, T. and Roh, Y. and Sill, A. and Volobouev, I. and Wigmans, R. and Appelt, E. and Delannoy, A. G. and Engh, D. and Florez, C. and Gabella, W. and Greene, S. and Gurrola, A. and Johns, W. and Kurt, P. and Maguire, C. and Melo, A. and Sharma, M. and Sheldon, P. and Snook, B. and Tuo, S. and Velkovska, J. and Andelin, D. and Arenton, M. W. and Balazs, M. and Boutle, S. and Conetti, S. and Cox, B. and Francis, B. and Goodell, J. and Hirosky, R. and Ledovskoy, A. and Lin, C. and Neu, C. and {II}, D. Phillips and Wood, J. and Gollapinni, S. and Harr, R. and Karchin, P. E. and Don, C. Kottachchi Kankanamge and Lamichhane, P. and Mattson, M. and Milstène, C. and Sakharov, A. and Anderson, M. and Belknap, D. and Bellinger, J. N. and Borrello, L. and Bradley, D. and Carlsmith, D. and Cepeda, M. and Crotty, I. and Dasu, S. and Feyzi, F. and Friis, E. and Gorski, T. and Gray, L. and Grogg, K. S. and Grothe, M. and Hall-Wilton, R. and Herndon, M. and Hervé, A. and Klabbers, P. and Klukas, J. and Lackey, J. and Lanaro, A. and Lazaridis, C. and Leonard, J. and Loveless, R. and Lusin, S. and Abril, M. Magrans de and Maier, W. and Mohapatra, A. and Ojalvo, I. and Palmonari, F. and Pierro, G. A. and Reeder, D. and Ross, I. and Savin, A. and Smith, W. H. and Swanson, J. and Wenman, D.},
	date = {2012},
	keywords = {{CMS}, Higgs, Physics},
}

@online{muong-2_fig,
	author = {given-i=M., given=Maura},
	date = {2021-06-29},
	language = {american},
	title = {First results from Fermilab's Muon g-2 experiment strengthen evidence of new physics},
	url = {https://news.fnal.gov/2021/04/first-results-from-fermilabs-muon-g-2-experiment-strengthen-evidence-of-new-physics/},
}
@online{Wmass_fig,
	author = {given-i=L., given=Lisar},
	date = {2022-04-07},
	language = {american},
	title = {CDF collaboration at Fermilab announces most precise ever measurement of W boson mass to be in tension with the Standard Model},
	url = {https://news.fnal.gov/2022/04/cdf-collaboration-at-fermilab-announces-most-precise-ever-measurement-of-w-boson-mass/},
}

@online{LHC-complex,
	author = {given-i=V.R., given={Vanden Renilde}, family=Broeck},
	date = {2019-09-19},
	language = {english},
	title = {THE CERN ACCELERATOR COMPLEX},
	url = {https://cds.cern.ch/record/2693837/},
}

@online{cms-detector,
	author = {given-i=T., given=Tai, family=Sakuma},
	date = {2019-05-03},
	language = {english},
	title = {Cutaway diagrams of CMS detector},
	url = {https://cds.cern.ch/record/2665537/},
}

@book{Higgs_cross_sections,
	title = {Handbook of {LHC} {Higgs} cross sections : 4. {Deciphering} the nature of the {Higgs} sector},
	publisher = {Cern},
	author = {Florian, D. De and For, Organization},
	year = {2017},
}

@article{Higgs_high_pt,
	author = {Kudashkin, Kirill and Lindert, Jonas M. and Melnikov, Kirill and Wever, Christopher},
	doi = {10.1016/j.physletb.2018.05.009},
	journal = {Physics Letters B},
	pages = {210--214},
	title = {{Higgs bosons with large transverse momentum at the LHC}},
	volume = {782},
	year = {2018},
}

@article{Higgs_high_pt_BSM,
	author = {Grazzini, Massimiliano and Ilnicka, Agnieszka and Spira, Michael},
	doi = {10.1140/epjc/s10052-018-6261-7},
	journal = {The European Physical Journal C},
	number = {10},
	title = {{Higgs boson production at large transverse momentum within the SMEFT: analytical results}},
	volume = {78},
	year = {2018},
}

@book{john-alison,
	author = {Alison, John},
	edition = {Softcover reprint of the original 1st ed. 2015},
	publisher = {Springer},
	title = {{The Road to Discovery: Detector Alignment, Electron Identification, Particle Misidentification, WW Physics, and the Discovery of the Higgs Boson (Springer Theses)}},
	year = {2016},
}

@misc{Boosting_the_Higgs_boson,
	author = {Kilminster, Ben},
	month = {11},
	title = {{Boosting the Higgs boson}},
	url = {https://indico.cern.ch/event/732102/contributions/3092580/attachments/1759641/2854473/Higgs-Couplings-boosted-v4.pdf},
	year = {2018},
}

@article{Detecting_a_Boosted_Diboson_Resonance,
	author = {Agashe, Kaustubh and Collins, Jack H. and Du, Peizhi and Hong, Sungwoo and Kim, Doojin and Mishra, Rashmish K.},
	doi = {10.1007/jhep11(2018)027},
	journal = {Journal of High Energy Physics},
	number = {11},
	title = {{Detecting a boosted diboson resonance}},
	volume = {2018},
	year = {2018},
}

@article{Pileup_Per_Particle_Identification,
	author = {Bertolini, Daniele and Harris, Philip and Low, Matthew and Tran, Nhan},
	doi = {10.1007/jhep10(2014)059},
	journal = {Journal of High Energy Physics},
	number = {10},
	title = {{Pileup per particle identification}},
	volume = {2014},
	year = {2014},
}

@article{The_anti-kt_jet_clustering_algorithm,
	author = {Cacciari, Matteo and Salam, Gavin P and Soyez, Gregory},
	doi = {10.1088/1126-6708/2008/04/063},
	journal = {Journal of High Energy Physics},
	number = {04},
	pages = {063--063},
	title = {{The anti-kt jet clustering algorithm}},
	volume = {2008},
	year = {2008},
}

@article{jet-tagging-algorithms,
	doi = {10.1088/1748-0221/15/06/p06005},
	url = {https://doi.org/10.1088/1748-0221/15/06/p06005},
	year = 2020,
	month = {jun},
	publisher = {{IOP} Publishing},
	volume = {15},
	number = {06},
	pages = {P06005--P06005},
	author = {A.M. Sirunyan and A. Tumasyan and W. Adam and F. Ambrogi and T. Bergauer and M. Dragicevic and J. Erö and A. Escalante Del Valle and M. Flechl and R. Frühwirth and M. Jeitler and N. Krammer and I. Krätschmer and D. Liko and T. Madlener and I. Mikulec and N. Rad and J. Schieck and R. Schöfbeck and M. Spanring and W. Waltenberger and C.-E. Wulz and M. Zarucki and V. Drugakov and V. Mossolov and J. Suarez Gonzalez and M.R. Darwish and E.A. De Wolf and D. Di Croce and X. Janssen and A. Lelek and M. Pieters and H. Rejeb Sfar and H. Van Haevermaet and P. Van Mechelen and S. Van Putte and N. Van Remortel and F. Blekman and E.S. Bols and S.S. Chhibra and J. D{\textquotesingle}Hondt and J. De Clercq and D. Lontkovskyi and S. Lowette and I. Marchesini and S. Moortgat and Q. Python and K. Skovpen and S. Tavernier and W. Van Doninck and P. Van Mulders and D. Beghin and B. Bilin and B. Clerbaux and G. De Lentdecker and H. Delannoy and B. Dorney and L. Favart and A. Grebenyuk and A.K. Kalsi and L. Moureaux and A. Popov and N. Postiau and E. Starling and L. Thomas and C. Vander Velde and P. Vanlaer and D. Vannerom and T. Cornelis and D. Dobur and I. Khvastunov and M. Niedziela and C. Roskas and M. Tytgat and W. Verbeke and B. Vermassen and M. Vit and O. Bondu and G. Bruno and C. Caputo and P. David and C. Delaere and M. Delcourt and A. Giammanco and V. Lemaitre and J. Prisciandaro and A. Saggio and M. Vidal Marono and P. Vischia and J. Zobec and F.L. Alves and G.A. Alves and G. Correia Silva and C. Hensel and A. Moraes and P. Rebello Teles and E. Belchior Batista Das Chagas and W. Carvalho and J. Chinellato and E. Coelho and E.M. Da Costa and G.G. Da Silveira and D. De Jesus Damiao and C. De Oliveira Martins and S. Fonseca De Souza and L.M. Huertas Guativa and H. Malbouisson and J. Martins and D. Matos Figueiredo and M. Medina Jaime and M. Melo De Almeida and C. Mora Herrera and L. Mundim and H. Nogima and W.L. Prado Da Silva and L.J. Sanchez Rosas and A. Santoro and A. Sznajder and M. Thiel and E.J. Tonelli Manganote and F. Torres Da Silva De Araujo and A. Vilela Pereira and C.A. Bernardes and L. Calligaris and T.R. Fernandez Perez Tomei and E.M. Gregores and D.S. Lemos and P.G. Mercadante and S.F. Novaes and SandraS. Padula and A. Aleksandrov and G. Antchev and R. Hadjiiska and P. Iaydjiev and M. Misheva and M. Rodozov and M. Shopova and G. Sultanov and M. Bonchev and A. Dimitrov and T. Ivanov and L. Litov and B. Pavlov and P. Petkov and A. Petrov and W. Fang and X. Gao and L. Yuan and M. Ahmad and Z. Hu and Y. Wang and G.M. Chen and H.S. Chen and M. Chen and C.H. Jiang and D. Leggat and H. Liao and Z. Liu and A. Spiezia and J. Tao and E. Yazgan and H. Zhang and S. Zhang and J. Zhao and A. Agapitos and Y. Ban and G. Chen and A. Levin and J. Li and L. Li and Q. Li and Y. Mao and S.J. Qian and D. Wang and Q. Wang and M. Xiao and C. Avila and A. Cabrera and C. Florez and C.F. Gonz{\'{a}}lez Hern{\'{a}}ndez and M.A. Segura Delgado and J. Mejia Guisao and J.D. Ruiz Alvarez and C.A. Salazar Gonz{\'{a}}lez and N. Vanegas Arbelaez and D. Giljanovi{\'{c}} and N. Godinovic and D. Lelas and I. Puljak and T. Sculac and Z. Antunovic and M. Kovac and V. Brigljevic and D. Ferencek and K. Kadija and B. Mesic and M. Roguljic and A. Starodumov and T. Susa and M.W. Ather and A. Attikis and E. Erodotou and A. Ioannou and M. Kolosova and S. Konstantinou and G. Mavromanolakis and J. Mousa and C. Nicolaou and F. Ptochos and P.A. Razis and H. Rykaczewski and D. Tsiakkouri and M. Finger and M. Finger Jr. and A. Kveton and J. Tomsa and E. Ayala and E. Carrera Jarrin and H. Abdalla and S. Khalil and S. Bhowmik and A. Carvalho Antunes De Oliveira and R.K. Dewanjee and K. Ehataht and M. Kadastik and M. Raidal and C. Veelken and P. Eerola and L. Forthomme and H. Kirschenmann and K. Osterberg and M. Voutilainen and F. Garcia and J. Havukainen and J.K. Heikkilä and V. Karimäki and M.S. Kim and R. Kinnunen and T. Lamp{\'{e}}n and K. Lassila-Perini and S. Laurila and S. Lehti and T. Lind{\'{e}}n and P. Luukka and T. Mäenpää and H. Siikonen and E. Tuominen and J. Tuominiemi and T. Tuuva and M. Besancon and F. Couderc and M. Dejardin and D. Denegri and B. Fabbro and J.L. Faure and F. Ferri and S. Ganjour and A. Givernaud and P. Gras and G. Hamel de Monchenault and P. Jarry and C. Leloup and B. Lenzi and E. Locci and J. Malcles and J. Rander and A. Rosowsky and M.Ö. Sahin and A. Savoy-Navarro and M. Titov and G.B. Yu and S. Ahuja and C. Amendola and F. Beaudette and P. Busson and C. Charlot and B. Diab and G. Falmagne and R. Granier de Cassagnac and I. Kucher and A. Lobanov and C. Martin Perez and M. Nguyen and C. Ochando and P. Paganini and J. Rembser and R. Salerno and J.B. Sauvan and Y. Sirois and A. Zabi and A. Zghiche and J.-L. Agram and J. Andrea and D. Bloch and G. Bourgatte and J.-M. Brom and E.C. Chabert and C. Collard and E. Conte and J.-C. Fontaine and D. Gel{\'{e}} and U. Goerlach and M. Jansov{\'{a}} and A.-C. Le Bihan and N. Tonon and P. Van Hove and S. Gadrat and S. Beauceron and C. Bernet and G. Boudoul and C. Camen and A. Carle and N. Chanon and R. Chierici and D. Contardo and P. Depasse and H. El Mamouni and J. Fay and S. Gascon and M. Gouzevitch and B. Ille and Sa. Jain and F. Lagarde and I.B. Laktineh and H. Lattaud and A. Lesauvage and M. Lethuillier and L. Mirabito and S. Perries and V. Sordini and L. Torterotot and G. Touquet and M. Vander Donckt and S. Viret and T. Toriashvili and I. Bagaturia and C. Autermann and L. Feld and K. Klein and M. Lipinski and D. Meuser and A. Pauls and M. Preuten and M.P. Rauch and J. Schulz and M. Teroerde and B. Wittmer and M. Erdmann and B. Fischer and S. Ghosh and T. Hebbeker and K. Hoepfner and H. Keller and L. Mastrolorenzo and M. Merschmeyer and A. Meyer and P. Millet and G. Mocellin and S. Mondal and S. Mukherjee and D. Noll and A. Novak and T. Pook and A. Pozdnyakov and T. Quast and M. Radziej and Y. Rath and H. Reithler and J. Roemer and A. Schmidt and S.C. Schuler and A. Sharma and S. Wiedenbeck and S. Zaleski and G. Flügge and W. Haj Ahmad and O. Hlushchenko and T. Kress and T. Müller and A. Nowack and C. Pistone and O. Pooth and D. Roy and H. Sert and A. Stahl and M. Aldaya Martin and P. Asmuss and I. Babounikau and H. Bakhshiansohi and K. Beernaert and O. Behnke and A. Berm{\'{u}}dez Mart{\'{\i}}nez and D. Bertsche and A.A. Bin Anuar and K. Borras and V. Botta and A. Campbell and A. Cardini and P. Connor and S. Consuegra Rodr{\'{\i}}guez and C. Contreras-Campana and V. Danilov and A. De Wit and M.M. Defranchis and C. Diez Pardos and D. Dom{\'{\i}}nguez Damiani and G. Eckerlin and D. Eckstein and T. Eichhorn and A. Elwood and E. Eren and E. Gallo and A. Geiser and A. Grohsjean and M. Guthoff and M. Haranko and A. Harb and A. Jafari and N.Z. Jomhari and H. Jung and A. Kasem and M. Kasemann and H. Kaveh and J. Keaveney and C. Kleinwort and J. Knolle and D. Krücker and W. Lange and T. Lenz and J. Lidrych and K. Lipka and W. Lohmann and R. Mankel and I.-A. Melzer-Pellmann and A.B. Meyer and M. Meyer and M. Missiroli and J. Mnich and A. Mussgiller and V. Myronenko and D. P{\'{e}}rez Ad{\'{a}}n and S.K. Pflitsch and D. Pitzl and A. Raspereza and A. Saibel and M. Savitskyi and V. Scheurer and P. Schütze and C. Schwanenberger and R. Shevchenko and A. Singh and H. Tholen and O. Turkot and A. Vagnerini and M. Van De Klundert and R. Walsh and Y. Wen and K. Wichmann and C. Wissing and O. Zenaiev and R. Zlebcik and R. Aggleton and S. Bein and L. Benato and A. Benecke and V. Blobel and T. Dreyer and A. Ebrahimi and F. Feindt and A. Fröhlich and C. Garbers and E. Garutti and D. Gonzalez and P. Gunnellini and J. Haller and A. Hinzmann and A. Karavdina and G. Kasieczka and R. Klanner and R. Kogler and N. Kovalchuk and S. Kurz and V. Kutzner and J. Lange and T. Lange and A. Malara and J. Multhaup and C.E.N. Niemeyer and A. Perieanu and A. Reimers and O. Rieger and C. Scharf and P. Schleper and S. Schumann and J. Schwandt and J. Sonneveld and H. Stadie and G. Steinbrück and F.M. Stober and B. Vormwald and I. Zoi and M. Akbiyik and C. Barth and M. Baselga and S. Baur and T. Berger and E. Butz and R. Caspart and T. Chwalek and W. De Boer and A. Dierlamm and K. El Morabit and N. Faltermann and M. Giffels and P. Goldenzweig and A. Gottmann and M.A. Harrendorf and F. Hartmann and U. Husemann and S. Kudella and S. Mitra and M.U. Mozer and D. Müller and Th. Müller and M. Musich and A. Nürnberg and G. Quast and K. Rabbertz and M. Schröder and I. Shvetsov and H.J. Simonis and R. Ulrich and M. Wassmer and M. Weber and C. Wöhrmann and R. Wolf and S. Wozniewski and G. Anagnostou and P. Asenov and G. Daskalakis and T. Geralis and A. Kyriakis and D. Loukas and G. Paspalaki and M. Diamantopoulou and G. Karathanasis and P. Kontaxakis and A. Manousakis-katsikakis and A. Panagiotou and I. Papavergou and N. Saoulidou and A. Stakia and K. Theofilatos and K. Vellidis and E. Vourliotis and G. Bakas and K. Kousouris and I. Papakrivopoulos and G. Tsipolitis and I. Evangelou and C. Foudas and P. Gianneios and P. Katsoulis and P. Kokkas and S. Mallios and K. Manitara and N. Manthos and I. Papadopoulos and J. Strologas and F.A. Triantis and D. Tsitsonis and M. Bart{\'{o}}k and R. Chudasama and M. Csanad and P. Major and K. Mandal and A. Mehta and M.I. Nagy and G. Pasztor and O. Sur{\'{a}}nyi and G.I. Veres and G. Bencze and C. Hajdu and D. Horvath and F. Sikler and T.{\'{A}}. V{\'{a}}mi and V. Veszpremi and G. Vesztergombi and N. Beni and S. Czellar and J. Karancsi and J. Molnar and Z. Szillasi and P. Raics and D. Teyssier and Z.L. Trocsanyi and B. Ujvari and T. Csorgo and W.J. Metzger and F. Nemes and T. Novak and S. Choudhury and J.R. Komaragiri and P.C. Tiwari and S. Bahinipati and C. Kar and G. Kole and P. Mal and V.K. Muraleedharan Nair Bindhu and A. Nayak and D.K. Sahoo and S.K. Swain and S. Bansal and S.B. Beri and V. Bhatnagar and S. Chauhan and N. Dhingra and R. Gupta and A. Kaur and M. Kaur and S. Kaur and P. Kumari and M. Lohan and M. Meena and K. Sandeep and S. Sharma and J.B. Singh and A.K. Virdi and A. Bhardwaj and B.C. Choudhary and R.B. Garg and M. Gola and S. Keshri and Ashok Kumar and M. Naimuddin and P. Priyanka and K. Ranjan and Aashaq Shah and R. Sharma and R. Bhardwaj and M. Bharti and R. Bhattacharya and S. Bhattacharya and U. Bhawandeep and D. Bhowmik and S. Dutta and S. Ghosh and B. Gomber and M. Maity and K. Mondal and S. Nandan and A. Purohit and P.K. Rout and G. Saha and S. Sarkar and T. Sarkar and M. Sharan and B. Singh and S. Thakur and P.K. Behera and P. Kalbhor and A. Muhammad and P.R. Pujahari and A. Sharma and A.K. Sikdar and D. Dutta and V. Jha and V. Kumar and D.K. Mishra and P.K. Netrakanti and L.M. Pant and P. Shukla and T. Aziz and M.A. Bhat and S. Dugad and G.B. Mohanty and N. Sur and S. Banerjee and S. Bhattacharya and S. Chatterjee and P. Das and M. Guchait and S. Karmakar and S. Kumar and G. Majumder and K. Mazumdar and N. Sahoo and S. Sawant and S. Dube and B. Kansal and A. Kapoor and K. Kothekar and S. Pandey and A. Rane and A. Rastogi and S. Sharma and S. Chenarani and E. Eskandari Tadavani and S.M. Etesami and M. Khakzad and M. Mohammadi Najafabadi and M. Naseri and F. Rezaei Hosseinabadi and M. Felcini and M. Grunewald and M. Abbrescia and R. Aly and C. Calabria and A. Colaleo and D. Creanza and L. Cristella and N. De Filippis and M. De Palma and A. Di Florio and W. Elmetenawee and L. Fiore and A. Gelmi and G. Iaselli and M. Ince and S. Lezki and G. Maggi and M. Maggi and J.A. Merlin and G. Miniello and S. My and S. Nuzzo and A. Pompili and G. Pugliese and R. Radogna and A. Ranieri and G. Selvaggi and L. Silvestris and F.M. Simone and R. Venditti and P. Verwilligen and G. Abbiendi and C. Battilana and D. Bonacorsi and L. Borgonovi and S. Braibant-Giacomelli and R. Campanini and P. Capiluppi and A. Castro and F.R. Cavallo and C. Ciocca and G. Codispoti and M. Cuffiani and G.M. Dallavalle and F. Fabbri and A. Fanfani and E. Fontanesi and P. Giacomelli and C. Grandi and L. Guiducci and F. Iemmi and S. Lo Meo and S. Marcellini and G. Masetti and F.L. Navarria and A. Perrotta and F. Primavera and A.M. Rossi and T. Rovelli and G.P. Siroli and N. Tosi and S. Albergo and S. Costa and A. Di Mattia and R. Potenza and A. Tricomi and C. Tuve and G. Barbagli and A. Cassese and R. Ceccarelli and V. Ciulli and C. Civinini and R. D{\textquotesingle}Alessandro and F. Fiori and E. Focardi and G. Latino and P. Lenzi and M. Meschini and S. Paoletti and G. Sguazzoni and L. Viliani and L. Benussi and S. Bianco and D. Piccolo and M. Bozzo and F. Ferro and R. Mulargia and E. Robutti and S. Tosi and A. Benaglia and A. Beschi and F. Brivio and V. Ciriolo and M.E. Dinardo and P. Dini and S. Gennai and A. Ghezzi and P. Govoni and L. Guzzi and M. Malberti and S. Malvezzi and D. Menasce and F. Monti and L. Moroni and M. Paganoni and D. Pedrini and S. Ragazzi and T. Tabarelli de Fatis and D. Valsecchi and D. Zuolo and S. Buontempo and N. Cavallo and A. De Iorio and A. Di Crescenzo and F. Fabozzi and F. Fienga and G. Galati and A.O.M. Iorio and L. Lista and S. Meola and P. Paolucci and B. Rossi and C. Sciacca and E. Voevodina and P. Azzi and N. Bacchetta and D. Bisello and A. Boletti and A. Bragagnolo and R. Carlin and P. Checchia and P. De Castro Manzano and T. Dorigo and U. Dosselli and F. Gasparini and U. Gasparini and A. Gozzelino and S.Y. Hoh and P. Lujan and M. Margoni and A.T. Meneguzzo and J. Pazzini and M. Presilla and P. Ronchese and R. Rossin and F. Simonetto and A. Tiko and M. Tosi and M. Zanetti and P. Zotto and G. Zumerle and A. Braghieri and D. Fiorina and P. Montagna and S.P. Ratti and V. Re and M. Ressegotti and C. Riccardi and P. Salvini and I. Vai and P. Vitulo and M. Biasini and G.M. Bilei and D. Ciangottini and L. Fan{\`{o}} and P. Lariccia and R. Leonardi and E. Manoni and G. Mantovani and V. Mariani and M. Menichelli and A. Rossi and A. Santocchia and D. Spiga and K. Androsov and P. Azzurri and G. Bagliesi and V. Bertacchi and L. Bianchini and T. Boccali and R. Castaldi and M.A. Ciocci and R. Dell{\textquotesingle}Orso and S. Donato and G. Fedi and L. Giannini and A. Giassi and M.T. Grippo and F. Ligabue and E. Manca and G. Mandorli and A. Messineo and F. Palla and A. Rizzi and G. Rolandi and S. Roy Chowdhury and A. Scribano and P. Spagnolo and R. Tenchini and G. Tonelli and N. Turini and A. Venturi and P.G. Verdini and F. Cavallari and M. Cipriani and D. Del Re and E. Di Marco and M. Diemoz and E. Longo and P. Meridiani and G. Organtini and F. Pandolfi and R. Paramatti and C. Quaranta and S. Rahatlou and C. Rovelli and F. Santanastasio and L. Soffi and N. Amapane and R. Arcidiacono and S. Argiro and M. Arneodo and N. Bartosik and R. Bellan and A. Bellora and C. Biino and A. Cappati and N. Cartiglia and S. Cometti and M. Costa and R. Covarelli and N. Demaria and B. Kiani and F. Legger and C. Mariotti and S. Maselli and E. Migliore and V. Monaco and E. Monteil and M. Monteno and M.M. Obertino and G. Ortona and L. Pacher and N. Pastrone and M. Pelliccioni and G.L. Pinna Angioni and A. Romero and M. Ruspa and R. Salvatico and V. Sola and A. Solano and D. Soldi and A. Staiano and D. Trocino and S. Belforte and V. Candelise and M. Casarsa and F. Cossutti and A. Da Rold and G. Della Ricca and F. Vazzoler and A. Zanetti and B. Kim and D.H. Kim and G.N. Kim and J. Lee and S.W. Lee and C.S. Moon and Y.D. Oh and S.I. Pak and S. Sekmen and D.C. Son and Y.C. Yang and H. Kim and D.H. Moon and G. Oh and B. Francois and T.J. Kim and J. Park and S. Cho and S. Choi and Y. Go and S. Ha and B. Hong and K. Lee and K.S. Lee and J. Lim and J. Park and S.K. Park and Y. Roh and J. Yoo and J. Goh and H.S. Kim and J. Almond and J.H. Bhyun and J. Choi and S. Jeon and J. Kim and J.S. Kim and H. Lee and K. Lee and S. Lee and K. Nam and M. Oh and S.B. Oh and B.C. Radburn-Smith and U.K. Yang and H.D. Yoo and I. Yoon and D. Jeon and J.H. Kim and J.S.H. Lee and I.C. Park and Y. Choi and C. Hwang and Y. Jeong and J. Lee and Y. Lee and I. Yu and V. Veckalns and V. Dudenas and A. Juodagalvis and A. Rinkevicius and G. Tamulaitis and J. Vaitkus and Z.A. Ibrahim and F. Mohamad Idris and W.A.T. Wan Abdullah and M.N. Yusli and Z. Zolkapli and J.F. Benitez and A. Castaneda Hernandez and J.A. Murillo Quijada and L. Valencia Palomo and H. Castilla-Valdez and E. De La Cruz-Burelo and I. Heredia-De La Cruz and R. Lopez-Fernandez and A. Sanchez-Hernandez and S. Carrillo Moreno and C. Oropeza Barrera and M. Ramirez-Garcia and F. Vazquez Valencia and J. Eysermans and I. Pedraza and H.A. Salazar Ibarguen and C. Uribe Estrada and A. Morelos Pineda and J. Mijuskovic and N. Raicevic and D. Krofcheck and S. Bheesette and P.H. Butler and A. Ahmad and M. Ahmad and Q. Hassan and H.R. Hoorani and W.A. Khan and M.A. Shah and M. Shoaib and M. Waqas and V. Avati and L. Grzanka and M. Malawski and H. Bialkowska and M. Bluj and B. Boimska and M. G{\'{o}}rski and M. Kazana and M. Szleper and P. Zalewski and K. Bunkowski and A. Byszuk and K. Doroba and A. Kalinowski and M. Konecki and J. Krolikowski and M. Olszewski and M. Walczak and M. Araujo and P. Bargassa and D. Bastos and A. Di Francesco and P. Faccioli and B. Galinhas and M. Gallinaro and J. Hollar and N. Leonardo and T. Niknejad and J. Seixas and K. Shchelina and G. Strong and O. Toldaiev and J. Varela and S. Afanasiev and P. Bunin and M. Gavrilenko and I. Golutvin and I. Gorbunov and A. Kamenev and V. Karjavine and A. Lanev and A. Malakhov and V. Matveev and P. Moisenz and V. Palichik and V. Perelygin and M. Savina and S. Shmatov and S. Shulha and N. Skatchkov and V. Smirnov and N. Voytishin and A. Zarubin and L. Chtchipounov and V. Golovtcov and Y. Ivanov and V. Kim and E. Kuznetsova and P. Levchenko and V. Murzin and V. Oreshkin and I. Smirnov and D. Sosnov and V. Sulimov and L. Uvarov and A. Vorobyev and Yu. Andreev and A. Dermenev and S. Gninenko and N. Golubev and A. Karneyeu and M. Kirsanov and N. Krasnikov and A. Pashenkov and D. Tlisov and A. Toropin and V. Epshteyn and V. Gavrilov and N. Lychkovskaya and A. Nikitenko and V. Popov and I. Pozdnyakov and G. Safronov and A. Spiridonov and A. Stepennov and M. Toms and E. Vlasov and A. Zhokin and T. Aushev and O. Bychkova and M. Chadeeva and P. Parygin and E. Popova and V. Rusinov and V. Andreev and M. Azarkin and I. Dremin and M. Kirakosyan and A. Terkulov and A. Belyaev and E. Boos and M. Dubinin and L. Dudko and A. Ershov and A. Gribushin and V. Klyukhin and O. Kodolova and I. Lokhtin and S. Obraztsov and S. Petrushanko and V. Savrin and A. Snigirev and A. Barnyakov and V. Blinov and T. Dimova and L. Kardapoltsev and Y. Skovpen and I. Azhgirey and I. Bayshev and S. Bitioukov and V. Kachanov and D. Konstantinov and P. Mandrik and V. Petrov and R. Ryutin and S. Slabospitskii and A. Sobol and S. Troshin and N. Tyurin and A. Uzunian and A. Volkov and A. Babaev and A. Iuzhakov and V. Okhotnikov and V. Borchsh and V. Ivanchenko and E. Tcherniaev and P. Adzic and P. Cirkovic and M. Dordevic and P. Milenovic and J. Milosevic and M. Stojanovic and M. Aguilar-Benitez and J. Alcaraz Maestre and A. {\'{A}}lvarez Fern{\'{a}}ndez and I. Bachiller and M. Barrio Luna and CristinaF. Bedoya and J.A. Brochero Cifuentes and C.A. Carrillo Montoya and M. Cepeda and M. Cerrada and N. Colino and B. De La Cruz and A. Delgado Peris and J.P. Fern{\'{a}}ndez Ramos and J. Flix and M.C. Fouz and O. Gonzalez Lopez and S. Goy Lopez and J.M. Hernandez and M.I. Josa and D. Moran and {\'{A}}. Navarro Tobar and A. P{\'{e}}rez-Calero Yzquierdo and J. Puerta Pelayo and I. Redondo and L. Romero and S. S{\'{a}}nchez Navas and M.S. Soares and A. Triossi and C. Willmott and C. Albajar and J.F. de Troc{\'{o}}niz and R. Reyes-Almanza and B. Alvarez Gonzalez and J. Cuevas and C. Erice and J. Fernandez Menendez and S. Folgueras and I. Gonzalez Caballero and J.R. Gonz{\'{a}}lez Fern{\'{a}}ndez and E. Palencia Cortezon and V. Rodr{\'{\i}}guez Bouza and S. Sanchez Cruz and I.J. Cabrillo and A. Calderon and B. Chazin Quero and J. Duarte Campderros and M. Fernandez and P.J. Fern{\'{a}}ndez Manteca and A. Garc{\'{\i}}a Alonso and G. Gomez and C. Martinez Rivero and P. Martinez Ruiz del Arbol and F. Matorras and J. Piedra Gomez and C. Prieels and T. Rodrigo and A. Ruiz-Jimeno and L. Russo and L. Scodellaro and I. Vila and J.M. Vizan Garcia and D.U.J. Sonnadara and W.G.D. Dharmaratna and N. Wickramage and D. Abbaneo and B. Akgun and E. Auffray and G. Auzinger and J. Baechler and P. Baillon and A.H. Ball and D. Barney and J. Bendavid and M. Bianco and A. Bocci and P. Bortignon and E. Bossini and E. Brondolin and T. Camporesi and A. Caratelli and G. Cerminara and E. Chapon and G. Cucciati and D. d{\textquotesingle}Enterria and A. Dabrowski and N. Daci and V. Daponte and A. David and O. Davignon and A. De Roeck and M. Deile and M. Dobson and M. Dünser and N. Dupont and A. Elliott-Peisert and N. Emriskova and F. Fallavollita and D. Fasanella and S. Fiorendi and G. Franzoni and J. Fulcher and W. Funk and S. Giani and D. Gigi and K. Gill and F. Glege and L. Gouskos and M. Gruchala and M. Guilbaud and D. Gulhan and J. Hegeman and C. Heidegger and Y. Iiyama and V. Innocente and T. James and P. Janot and O. Karacheban and J. Kaspar and J. Kieseler and M. Krammer and N. Kratochwil and C. Lange and P. Lecoq and C. Louren{\c{c}}o and L. Malgeri and M. Mannelli and A. Massironi and F. Meijers and S. Mersi and E. Meschi and F. Moortgat and M. Mulders and J. Ngadiuba and J. Niedziela and S. Nourbakhsh and S. Orfanelli and L. Orsini and F. Pantaleo and L. Pape and E. Perez and M. Peruzzi and A. Petrilli and G. Petrucciani and A. Pfeiffer and M. Pierini and F.M. Pitters and D. Rabady and A. Racz and M. Rieger and M. Rovere and H. Sakulin and J. Salfeld-Nebgen and C. Schäfer and C. Schwick and M. Selvaggi and A. Sharma and P. Silva and W. Snoeys and P. Sphicas and J. Steggemann and S. Summers and V.R. Tavolaro and D. Treille and A. Tsirou and G.P. Van Onsem and A. Vartak and M. Verzetti and W.D. Zeuner and L. Caminada and K. Deiters and W. Erdmann and R. Horisberger and Q. Ingram and H.C. Kaestli and D. Kotlinski and U. Langenegger and T. Rohe and S.A. Wiederkehr and M. Backhaus and P. Berger and N. Chernyavskaya and G. Dissertori and M. Dittmar and M. Doneg{\`{a}} and C. Dorfer and T.A. G{\'{o}}mez Espinosa and C. Grab and D. Hits and W. Lustermann and R.A. Manzoni and M.T. Meinhard and F. Micheli and P. Musella and F. Nessi-Tedaldi and F. Pauss and G. Perrin and L. Perrozzi and S. Pigazzini and M.G. Ratti and M. Reichmann and C. Reissel and T. Reitenspiess and B. Ristic and D. Ruini and D.A. Sanz Becerra and M. Schönenberger and L. Shchutska and M.L. Vesterbacka Olsson and R. Wallny and D.H. Zhu and T.K. Aarrestad and C. Amsler and C. Botta and D. Brzhechko and M.F. Canelli and A. De Cosa and R. Del Burgo and B. Kilminster and S. Leontsinis and V.M. Mikuni and I. Neutelings and G. Rauco and P. Robmann and K. Schweiger and C. Seitz and Y. Takahashi and S. Wertz and A. Zucchetta and T.H. Doan and C.M. Kuo and W. Lin and A. Roy and S.S. Yu and P. Chang and Y. Chao and K.F. Chen and P.H. Chen and W.-S. Hou and Y.y. Li and R.-S. Lu and E. Paganis and A. Psallidas and A. Steen and B. Asavapibhop and C. Asawatangtrakuldee and N. Srimanobhas and N. Suwonjandee and A. Bat and F. Boran and A. Celik and S. Damarseckin and Z.S. Demiroglu and F. Dolek and C. Dozen and I. Dumanoglu and G. Gokbulut and EmineGurpinar Guler and Y. Guler and I. Hos and C. Isik and E.E. Kangal and O. Kara and A. Kayis Topaksu and U. Kiminsu and G. Onengut and K. Ozdemir and S. Ozturk and A.E. Simsek and U.G. Tok and S. Turkcapar and I.S. Zorbakir and C. Zorbilmez and B. Isildak and G. Karapinar and M. Yalvac and I.O. Atakisi and E. Gülmez and M. Kaya and O. Kaya and Ö. Öz{\c{c}}elik and S. Tekten and E.A. Yetkin and A. Cakir and K. Cankocak and Y. Komurcu and S. Sen and S. Cerci and B. Kaynak and S. Ozkorucuklu and D. Sunar Cerci and B. Grynyov and L. Levchuk and E. Bhal and S. Bologna and J.J. Brooke and D. Burns and E. Clement and D. Cussans and H. Flacher and J. Goldstein and G.P. Heath and H.F. Heath and L. Kreczko and B. Krikler and S. Paramesvaran and B. Penning and T. Sakuma and S. Seif El Nasr-Storey and V.J. Smith and J. Taylor and A. Titterton and K.W. Bell and A. Belyaev and C. Brew and R.M. Brown and D.J.A. Cockerill and J.A. Coughlan and K. Harder and S. Harper and J. Linacre and K. Manolopoulos and D.M. Newbold and E. Olaiya and D. Petyt and T. Reis and T. Schuh and C.H. Shepherd-Themistocleous and A. Thea and I.R. Tomalin and T. Williams and R. Bainbridge and P. Bloch and J. Borg and S. Breeze and O. Buchmuller and A. Bundock and GurpreetSingh CHAHAL and D. Colling and P. Dauncey and G. Davies and M. Della Negra and R. Di Maria and P. Everaerts and G. Hall and G. Iles and M. Komm and L. Lyons and A.-M. Magnan and S. Malik and A. Martelli and V. Milosevic and A. Morton and J. Nash and V. Palladino and M. Pesaresi and D.M. Raymond and A. Richards and A. Rose and E. Scott and C. Seez and A. Shtipliyski and M. Stoye and T. Strebler and A. Tapper and K. Uchida and T. Virdee and N. Wardle and D. Winterbottom and A.G. Zecchinelli and S.C. Zenz and J.E. Cole and P.R. Hobson and A. Khan and P. Kyberd and C.K. Mackay and I.D. Reid and L. Teodorescu and S. Zahid and A. Brinkerhoff and K. Call and B. Caraway and J. Dittmann and K. Hatakeyama and C. Madrid and B. McMaster and N. Pastika and C. Smith and R. Bartek and A. Dominguez and R. Uniyal and A.M. Vargas Hernandez and A. Buccilli and S.I. Cooper and C. Henderson and P. Rumerio and C. West and A. Albert and D. Arcaro and Z. Demiragli and D. Gastler and C. Richardson and J. Rohlf and D. Sperka and D. Spitzbart and I. Suarez and L. Sulak and D. Zou and G. Benelli and B. Burkle and X. Coubez and D. Cutts and Y.t. Duh and M. Hadley and U. Heintz and J.M. Hogan and K.H.M. Kwok and E. Laird and G. Landsberg and K.T. Lau and J. Lee and M. Narain and S. Sagir and R. Syarif and E. Usai and W.Y. Wong and D. Yu and W. Zhang and R. Band and C. Brainerd and R. Breedon and M. Calderon De La Barca Sanchez and M. Chertok and J. Conway and R. Conway and P.T. Cox and R. Erbacher and C. Flores and G. Funk and F. Jensen and W. Ko and O. Kukral and R. Lander and M. Mulhearn and D. Pellett and J. Pilot and M. Shi and D. Taylor and K. Tos and M. Tripathi and Z. Wang and F. Zhang and M. Bachtis and C. Bravo and R. Cousins and A. Dasgupta and A. Florent and J. Hauser and M. Ignatenko and N. Mccoll and W.A. Nash and S. Regnard and D. Saltzberg and C. Schnaible and B. Stone and V. Valuev and K. Burt and Y. Chen and R. Clare and J.W. Gary and S.M.A. Ghiasi Shirazi and G. Hanson and G. Karapostoli and O.R. Long and M. Olmedo Negrete and M.I. Paneva and W. Si and L. Wang and S. Wimpenny and B.R. Yates and Y. Zhang and J.G. Branson and P. Chang and S. Cittolin and S. Cooperstein and N. Deelen and M. Derdzinski and R. Gerosa and D. Gilbert and B. Hashemi and D. Klein and V. Krutelyov and J. Letts and M. Masciovecchio and S. May and S. Padhi and M. Pieri and V. Sharma and M. Tadel and F. Würthwein and A. Yagil and G. Zevi Della Porta and N. Amin and R. Bhandari and C. Campagnari and M. Citron and V. Dutta and M. Franco Sevilla and J. Incandela and B. Marsh and H. Mei and A. Ovcharova and H. Qu and J. Richman and U. Sarica and D. Stuart and S. Wang and D. Anderson and A. Bornheim and O. Cerri and I. Dutta and J.M. Lawhorn and N. Lu and J. Mao and H.B. Newman and T.Q. Nguyen and J. Pata and M. Spiropulu and J.R. Vlimant and S. Xie and Z. Zhang and R.Y. Zhu and M.B. Andrews and T. Ferguson and T. Mudholkar and M. Paulini and M. Sun and I. Vorobiev and M. Weinberg and J.P. Cumalat and W.T. Ford and E. MacDonald and T. Mulholland and R. Patel and A. Perloff and K. Stenson and K.A. Ulmer and S.R. Wagner and J. Alexander and Y. Cheng and J. Chu and A. Datta and A. Frankenthal and K. Mcdermott and J.R. Patterson and D. Quach and A. Ryd and S.M. Tan and Z. Tao and J. Thom and P. Wittich and M. Zientek and S. Abdullin and M. Albrow and M. Alyari and G. Apollinari and A. Apresyan and A. Apyan and S. Banerjee and L.A.T. Bauerdick and A. Beretvas and D. Berry and J. Berryhill and P.C. Bhat and K. Burkett and J.N. Butler and A. Canepa and G.B. Cerati and H.W.K. Cheung and F. Chlebana and M. Cremonesi and J. Duarte and V.D. Elvira and J. Freeman and Z. Gecse and E. Gottschalk and L. Gray and D. Green and S. Grünendahl and O. Gutsche and J. Hanlon and R.M. Harris and S. Hasegawa and R. Heller and J. Hirschauer and B. Jayatilaka and S. Jindariani and M. Johnson and U. Joshi and T. Klijnsma and B. Klima and M.J. Kortelainen and B. Kreis and S. Lammel and J. Lewis and D. Lincoln and R. Lipton and M. Liu and T. Liu and J. Lykken and K. Maeshima and J.M. Marraffino and D. Mason and P. McBride and P. Merkel and S. Mrenna and S. Nahn and V. O{\textquotesingle}Dell and V. Papadimitriou and K. Pedro and C. Pena and G. Rakness and F. Ravera and A. Reinsvold Hall and L. Ristori and B. Schneider and E. Sexton-Kennedy and N. Smith and A. Soha and W.J. Spalding and L. Spiegel and S. Stoynev and J. Strait and N. Strobbe and L. Taylor and S. Tkaczyk and N.V. Tran and L. Uplegger and E.W. Vaandering and C. Vernieri and R. Vidal and M. Wang and H.A. Weber and D. Acosta and P. Avery and D. Bourilkov and L. Cadamuro and V. Cherepanov and F. Errico and R.D. Field and S.V. Gleyzer and D. Guerrero and B.M. Joshi and M. Kim and J. Konigsberg and A. Korytov and K.H. Lo and K. Matchev and N. Menendez and G. Mitselmakher and D. Rosenzweig and K. Shi and J. Wang and S. Wang and X. Zuo and Y.R. Joshi and T. Adams and A. Askew and S. Hagopian and V. Hagopian and K.F. Johnson and R. Khurana and T. Kolberg and G. Martinez and T. Perry and H. Prosper and C. Schiber and R. Yohay and J. Zhang and M.M. Baarmand and M. Hohlmann and D. Noonan and M. Rahmani and M. Saunders and F. Yumiceva and M.R. Adams and L. Apanasevich and R.R. Betts and R. Cavanaugh and X. Chen and S. Dittmer and O. Evdokimov and C.E. Gerber and D.A. Hangal and D.J. Hofman and C. Mills and T. Roy and M.B. Tonjes and N. Varelas and J. Viinikainen and H. Wang and X. Wang and Z. Wu and M. Alhusseini and B. Bilki and K. Dilsiz and S. Durgut and R.P. Gandrajula and M. Haytmyradov and V. Khristenko and O.K. Köseyan and J.-P. Merlo and A. Mestvirishvili and A. Moeller and J. Nachtman and H. Ogul and Y. Onel and F. Ozok and A. Penzo and C. Snyder and E. Tiras and J. Wetzel and B. Blumenfeld and A. Cocoros and N. Eminizer and A.V. Gritsan and W.T. Hung and S. Kyriacou and P. Maksimovic and C. Mantilla and J. Roskes and M. Swartz and C. Baldenegro Barrera and P. Baringer and A. Bean and S. Boren and J. Bowen and A. Bylinkin and T. Isidori and S. Khalil and J. King and G. Krintiras and A. Kropivnitskaya and C. Lindsey and D. Majumder and W. Mcbrayer and N. Minafra and M. Murray and C. Rogan and C. Royon and S. Sanders and E. Schmitz and J.D. Tapia Takaki and Q. Wang and J. Williams and G. Wilson and S. Duric and A. Ivanov and K. Kaadze and D. Kim and Y. Maravin and D.R. Mendis and T. Mitchell and A. Modak and A. Mohammadi and F. Rebassoo and D. Wright and A. Baden and O. Baron and A. Belloni and S.C. Eno and Y. Feng and N.J. Hadley and S. Jabeen and G.Y. Jeng and R.G. Kellogg and A.C. Mignerey and S. Nabili and F. Ricci-Tam and M. Seidel and Y.H. Shin and A. Skuja and S.C. Tonwar and K. Wong and D. Abercrombie and B. Allen and R. Bi and S. Brandt and W. Busza and I.A. Cali and M. D{\textquotesingle}Alfonso and G. Gomez Ceballos and M. Goncharov and P. Harris and D. Hsu and M. Hu and M. Klute and D. Kovalskyi and Y.-J. Lee and P.D. Luckey and B. Maier and A.C. Marini and C. Mcginn and C. Mironov and S. Narayanan and X. Niu and C. Paus and D. Rankin and C. Roland and G. Roland and Z. Shi and G.S.F. Stephans and K. Sumorok and K. Tatar and D. Velicanu and J. Wang and T.W. Wang and B. Wyslouch and R.M. Chatterjee and A. Evans and S. Guts and P. Hansen and J. Hiltbrand and Sh. Jain and Y. Kubota and Z. Lesko and J. Mans and M. Revering and R. Rusack and R. Saradhy and N. Schroeder and M.A. Wadud and J.G. Acosta and S. Oliveros and K. Bloom and S. Chauhan and D.R. Claes and C. Fangmeier and L. Finco and F. Golf},
	title = {Identification of heavy, energetic, hadronically decaying particles using machine-learning techniques},
	journal = {Journal of Instrumentation},
	abstract = {Machine-learning (ML) techniques are explored to identify and classify hadronic decays of highly Lorentz-boosted W/Z/Higgs bosons and top quarks. Techniques without ML have also been evaluated and are included for comparison. The identification performances of a variety of algorithms are characterized in simulated events and directly compared with data. The algorithms are validated using proton-proton collision data at √s = 13TeV, corresponding to an integrated luminosity of 35.9 fb−1. Systematic uncertainties are assessed by comparing the results obtained using simulation and collision data. The new techniques studied in this paper provide significant performance improvements over non-ML techniques, reducing the background rate by up to an order of magnitude at the same signal efficiency.}
}

@article{PaticleNet,
	author = {Qu, Huilin and Gouskos, Loukas},
	doi = {10.1103/physrevd.101.056019},
	journal = {Physical Review D},
	number = {5},
	title = {{Jet tagging via particle clouds}},
	volume = {101},
	year = {2020},
}

@article{edgeconv,
author = {Wang, Yue and Sun, Yongbin and Liu, Ziwei and Sarma, Sanjay E. and Bronstein, Michael M. and Solomon, Justin M.},
title = {Dynamic Graph CNN for Learning on Point Clouds},
year = {2019},
issue_date = {October 2019},
publisher = {Association for Computing Machinery},
address = {New York, NY, USA},
volume = {38},
number = {5},
issn = {0730-0301},
url = {https://doi.org/10.1145/3326362},
doi = {10.1145/3326362},
abstract = {Point clouds provide a flexible geometric representation suitable for countless applications in computer graphics; they also comprise the raw output of most 3D data acquisition devices. While hand-designed features on point clouds have long been proposed in graphics and vision, however, the recent overwhelming success of convolutional neural networks (CNNs) for image analysis suggests the value of adapting insight from CNN to the point cloud world. Point clouds inherently lack topological information, so designing a model to recover topology can enrich the representation power of point clouds. To this end, we propose a new neural network module dubbed EdgeConv suitable for CNN-based high-level tasks on point clouds, including classification and segmentation. EdgeConv acts on graphs dynamically computed in each layer of the network. It is differentiable and can be plugged into existing architectures. Compared to existing modules operating in extrinsic space or treating each point independently, EdgeConv has several appealing properties: It incorporates local neighborhood information; it can be stacked applied to learn global shape properties; and in multi-layer systems affinity in feature space captures semantic characteristics over potentially long distances in the original embedding. We show the performance of our model on standard benchmarks, including ModelNet40, ShapeNetPart, and S3DIS.},
journal = {ACM Trans. Graph.},
month = {oct},
articleno = {146},
numpages = {12},
keywords = {Point cloud, segmentation, classification}
}

@misc{Javier,
	title = {{CERN Open Data Portal}},
	url = {http://opendata.cern.ch/record/12102},
	year = {2019},
}

@article{deepak8andmass-decorrelation,
      title         = "{Identification of highly Lorentz-boosted heavy particles
                       using graph neural networks and new mass decorrelation
                       techniques}",
      collaboration = "CMS Collaboration",
      month         = "Jan",
      year          = "2020",
      url           = "http://cds.cern.ch/record/2707946",
}

@misc{pileup-performance,
	title = {{How CMS weeds out particles that pile up | CMS Experiment}},
	url = {https://cms.cern/news/how-cms-weeds-out-particles-pile},
	year = {2018},
}